1800 3236
383 270 468 332 {60
930 295 964 324 5.
1003 292 1197 324 annnosn

371 392 388 395 ’·
424 377 617 425 XXVII.
645 374 671 420 J
675 389 749 418 uro
771 379 871 432 ergo
888 372 1116 432 Apostolus
1137 370 1278 415 divIno
1299 385 1375 415 nos
1392 368 1591 417 hortatur
1604 386 1749 419 exem-

377 454 448 513 plo
461 436 611 503 ,dicens
630 464 639 492 ε
657 466 673 488 «
695 442 803 492 Vide
819 460 919 503 orgo
942 444 1196 493 bonitatem,
1219 451 1261 486 et
1277 444 1544 489 severitatem
1567 444 1648 489 Dei
1702 446 1749 500 in

373 520 395 567 ‘w
410 540 481 568 eos
512 522 684 581 quidem
720 517 792 576 qui
826 515 1098 565 ceciderunt,
1121 515 1427 574 ,severitatemg
1461 517 1504 560 in
1530 526 1574 562 te
1606 527 1748 563 autem

373 594 640 638 »honitatem
660 623 670 640 ,
695 589 729 632 si
750 587 1031 647 permanseris
1052 586 1096 629 in
1118 586 1307 643 bonitate
1323 587 1335 609 ¹
1360 602 1370 630 τ
1390 606 1405 629 »
1427 591 1655 633 ostendens
1675 589 1751 633 Ju-

378 666 566 708 daeorum
590 661 795 719 populum
817 657 912 716 jure
927 673 1016 700 esse
1035 673 1057 700 a
1074 672 1251 717 corpore
1267 648 1468 701 Ecclesiae
1488 667 1747 719 separatum,

369 726 433 778 ne
456 732 644 792 perfidia:
675 730 788 773 virus
820 729 1128 772 contaminaret
1151 728 1385 772 Ecclesiam
1406 745 1416 772 ε
1445 732 1651 790 populum
1674 746 1750 775 au-

377 814 464 849 tem
481 803 672 862 gentium
689 799 879 845 bonitate
892 799 1067 844 Domini
1083 808 1321 858 receptum,
1338 808 1382 843 et
1393 798 1644 845 obedientiae
1659 816 1752 845 mu-

376 889 480 919 nere
501 872 683 932 gloriari.
706 871 810 914 Jure
831 869 958 927 igitur
979 869 1079 912 huic
1111 869 1250 913 divina
1274 870 1440 927 bonitas
1470 870 1748 930 suffragatur,

366 945 570 1005 ¹quandiu
591 944 634 986 in
659 942 797 986 divina
820 941 1010 985 bonitate
1026 949 1284 1000 permaneat.
1306 940 1349 984 Si
1370 956 1470 984 vero
1487 950 1530 985 ot
1550 941 1752 1000 ipse‘des-

378 1017 509 1060 ciscat
524 1047 535 1064 ,
560 1029 638 1073 pro
662 1013 850 1074 criminis
872 1013 933 1055 sui
958 1012 1160 1070 qualitate
1181 1011 1465 1070 damnabitur.
1500 1013 1594 1066 Qua
1617 1013 1750 1072 gratia

371 1077 588 1131 'Dominus
620 1092 663 1128 ct
692 1085 766 1127 lux
785 1092 830 1127 et
863 1083 969 1141 ignis
994 1098 1084 1126 esse
1113 1081 1388 1132 describitur,
1420 1091 1469 1141 ut
1498 1083 1540 1126 in
1563 1083 1749 1141 tenebris

379 1156 616 1202 ambulanti
643 1156 785 1198 luceat
811 1169 880 1212 qu.
872 1155 930 1196 asi
955 1155 1133 1204 lumen3
1160 1169 1214 1197 ne
1238 1152 1394 1196 diutius
1419 1153 1553 1212 possit
1578 1165 1746 1203 errare,

374 1230 451 1289 qui
474 1228 624 1287 quaerit
654 1226 826 1271 luminis
851 1225 1112 1269 claritatem:
1133 1225 1172 1268 ei
1196 1234 1338 1268 autem
1369 1225 1442 1283 qui
1468 1226 1601 1269 multa
1621 1226 1750 1289 fuerit

369 1309 590 1361 operatus,
615 1314 708 1357 quae
729 1313 903 1340 manere
925 1312 1011 1339 non
1035 1296 1238 1346 debeant,
1260 1297 1334 1339 sed
1357 1297 1534 1347 ardere,
1561 1295 1696 1355 ignis
1685 1286 1748 1340 est

376 1371 610 1420 Dominus;
631 1377 678 1413 ut
697 1368 836 1427 operis
857 1367 990 1411 nostri
1010 1368 1173 1415 soenum
1190 1367 1474 1426 stipulamque
1500 1374 1743 1418 consumat,

379 1451 505 1500 atque
523 1440 616 1483 utili
632 1455 710 1483 nos
728 1439 853 1481 faciat
875 1439 1009 1482 salvos
1027 1438 1297 1488 detrimento,
1317 1438 1424 1482 sicut
1438 1432 1589 1500 aurum
1605 1438 1743 1497 quod,

378 1514 479 1556 dum
506 1511 760 1570 excoquitur
774 1543 786 1561 ,
811 1512 905 1569 plus
926 1510 1143 1569 probatur.

437 1583 637 1628 XXVIII.
672 1582 868 1625 Fortasse
897 1582 1012 1624 dicat
1039 1577 1187 1639 aliquis
1216 1597 1298 1639 qua
1331 1581 1495 1626 ratione
1531 1580 1745 1641 scripserit

371 1655 584 1713 Propheta
605 1668 614 1696 :
632 1671 647 1692 «
664 1653 861 1696 Miserere
882 1652 966 1695 mei
985 1654 1219 1695 secundum
1244 1653 1422 1710 verbum
1444 1661 1566 1696 tuum
1581 1652 1600 1695 Ξ)
1614 1671 1630 1694 n
1644 1651 1744 1697 Ver-

370 1727 478 1770 :hum
501 1724 613 1768 enim
630 1724 709 1767 Dei
723 1724 885 1782 justitia
908 1726 983 1767 est.
1008 1724 1050 1766 Si
1072 1724 1199 1782 igitur
1215 1724 1375 1782 justitia
1396 1724 1526 1767 fretus
1547 1731 1650 1778 crat,
1665 1737 1744 1766 cur

373 1795 711 1841 misericordiam
736 1804 832 1839 ante
853 1795 1079 1854 praemisit:
1101 1803 1172 1838 aut
1194 1795 1227 1837 si
1243 1788 1742 1852 misericordiamfflequi-

373 1868 510 1917 rebat,
537 1881 615 1908 cur
634 1881 728 1908 eam
750 1867 802 1907 ad
818 1880 1060 1908 mensuram
1077 1865 1248 1923 justitiae
1270 1865 1434 1924 putavit
1453 1880 1544 1909 esse
1566 1876 1741 1923 poscen—

372 1934 502 1992 dam.
491 1936 510 1967 ἶ)
531 1935 616 1988 Qui
634 1936 747 1978 enim
769 1935 880 1977 hene
904 1935 1010 1994 nost,
1039 1942 1080 1978 et
1107 1935 1216 1978 bene
1238 1935 1364 1985 vivit,
1375 1950 1488 1994 opus
1509 1950 1596 1979 non
1611 1935 1741 1979 hahet

370 2005 685 2056 miselicordi33
707 2005 803 2063 quia
819 2005 1110 2048 misericordia
1127 2021 1148 2048 a
1166 2015 1341 2064 peccato
1356 2007 1521 2050 liberat.
1547 1995 1739 2064 Denique

369 2093 456 2123 non
484 2076 704 2126 divitibus,
733 2070 820 2118 non
850 2075 1030 2119 sortibus
1061 2085 1104 2119 et
1129 2077 1328 2120 felicitate
1359 2077 1546 2120 subnixis
1571 2076 1738 2119 miseri—

367 2148 512 2192 cordia
534 2147 716 2191 conferri
738 2148 958 2191 consuevit
984 2164 1005 2190 a
1026 2148 1149 2191 nobis
1171 2164 1180 2191 ε
1209 2151 1283 2192 sed
1303 2148 1550 2207 egentibus,
1573 2149 1640 2192 vel
1661 2148 1738 2192 de—

367 2214 631 2269 bilibusjvel
657 2218 705 2261 iis
728 2218 800 2276 qui
827 2234 879 2262 ex
902 2218 1056 2261 divitiis
1072 2218 1116 2262 in
1138 2208 1544 2277 paupertatemsaut
1567 2207 1737 2277 captivi—

367 2299 516 2340 tatem,
537 2297 607 2332 aut
623 2290 919 2332 necessitatem
938 2290 1119 2347 aliquam
1138 2290 1400 2332 deciderunt.
1423 2290 1534 2348 Ergo
1551 2289 1622 2347 qui
1640 2292 1735 2348 eget

367 2361 680 2411 misericordia,
704 2369 908 2419 peccator
929 2369 992 2404 est
1019 2376 1028 2403 :
1056 2360 1129 2418 qui
1153 2369 1292 2403 autem
1314 2368 1623 2419 peccator-non
1643 2353 1729 2412 esf,

365 2433 513 2490 utique
527 2432 663 2489 justus
680 2440 759 2482 est,
779 2440 822 2474 et
838 2447 923 2474 nou
941 2439 1035 2490 eget
1055 2431 1345 2474 misericordia
1365 2431 1456 2475 Dei.

421 2502 588 2547 XXIX.
623 2502 869 2546 Secundum
886 2503 988 2559 quid
1004 2502 1130 2560 igitur
1149 2501 1452 2560 unusquisque,
1471 2501 1554 2544 hoc
1570 2509 1649 2553 est,
1670 2517 1732 2563 se-

360 2572 549 2618 eundum
566 2588 692 2632 quem
708 2581 864 2619 statum
877 2581 998 2632 egeat
1015 2572 1323 2624 misericordia,
1344 2580 1416 2616 aut
1432 2571 1639 2632 justitiam
1649 2573 1720 2619 ha«

407 2675 419 2689 ¹
447 2665 543 2698 Rom.
559 2676 607 2704 xi,
627 2676 682 2699 υ.
