<?xml version="1.0" encoding="UTF-8"?>
<!DOCTYPE html PUBLIC "-//W3C//DTD XHTML 1.0 Transitional//EN"
    "http://www.w3.org/TR/xhtml1/DTD/xhtml1-transitional.dtd">
<html xmlns="http://www.w3.org/1999/xhtml" xml:lang="en" lang="en">
 <head>
  <title>
</title>
<meta http-equiv="Content-Type" content="text/html;charset=utf-8" />
  <meta name='ocr-system' content='tesseract 3.04.00' />
  <meta name='ocr-capabilities' content='ocr_page ocr_carea ocr_par ocr_line ocrx_word'/>
</head>
<body>
  <div class='ocr_page' id='page_1' title='image "./omniaequaeextant04ambruoft_0316.png"; bbox 0 0 1800 3236; ppageno 0'>
   <div class='ocr_carea' id='block_1_1' title="bbox 358 253 1167 299">
    <p class='ocr_par' dir='ltr' id='par_1_1' title="bbox 358 253 1167 299">
     <span class='ocr_line' id='line_1_1' title="bbox 358 253 1167 299; baseline -0.002 -1"><span class='ocrx_word' id='word_1_1' title='bbox 358 253 444 298; x_wconf 78' lang='lat'>306</span> <span class='ocrx_word' id='word_1_2' title='bbox 906 266 937 298; x_wconf 82' lang='lat' dir='ltr'>s.</span> <span class='ocrx_word' id='word_1_3' title='bbox 977 265 1167 299; x_wconf 73' lang='lat' dir='ltr'>manosn</span> 
     </span>
    </p>
   </div>
   <div class='ocr_carea' id='block_1_2' title="bbox 330 341 1778 2606">
    <p class='ocr_par' dir='ltr' id='par_1_2' title="bbox 330 341 1778 1315">
     <span class='ocr_line' id='line_1_2' title="bbox 354 341 1711 407; baseline -0.003 -15"><span class='ocrx_word' id='word_1_4' title='bbox 354 347 583 407; x_wconf 74' lang='lat' dir='ltr'>sapientia:</span> <span class='ocrx_word' id='word_1_5' title='bbox 605 346 725 398; x_wconf 78' lang='lat' dir='ltr'>beata</span> <span class='ocrx_word' id='word_1_6' title='bbox 748 361 847 405; x_wconf 79' lang='lat' dir='ltr'>ergo</span> <span class='ocrx_word' id='word_1_7' title='bbox 865 347 1018 398; x_wconf 85' lang='lat' dir='ltr'>anima,</span> <span class='ocrx_word' id='word_1_8' title='bbox 1033 362 1161 406; x_wconf 86' lang='lat' dir='ltr'>quam</span> <span class='ocrx_word' id='word_1_9' title='bbox 1183 341 1481 404; x_wconf 73' lang='lat' dir='ltr'><strong>complectitur</strong></span> <span class='ocrx_word' id='word_1_10' title='bbox 1494 341 1711 404; x_wconf 73' lang='lat' dir='ltr'><strong>sapientia.</strong></span> 
     </span>
     <span class='ocr_line' id='line_1_3' title="bbox 352 418 1718 479; baseline -0.004 -16"><span class='ocrx_word' id='word_1_11' title='bbox 352 420 500 479; x_wconf 83' lang='lat' dir='ltr'>Magna</span> <span class='ocrx_word' id='word_1_12' title='bbox 530 428 593 462; x_wconf 88' lang='lat' dir='ltr'>est</span> <span class='ocrx_word' id='word_1_13' title='bbox 621 418 835 477; x_wconf 82' lang='lat' dir='ltr'>sapientiae</span> <span class='ocrx_word' id='word_1_14' title='bbox 862 434 1035 469; x_wconf 90' lang='lat' dir='ltr'>manus,</span> <span class='ocrx_word' id='word_1_15' title='bbox 1066 433 1218 477; x_wconf 82' lang='lat' dir='ltr'>magna</span> <span class='ocrx_word' id='word_1_16' title='bbox 1243 419 1410 460; x_wconf 85' lang='lat' dir='ltr'>dextera</span> <span class='ocrx_word' id='word_1_17' title='bbox 1438 424 1570 459; x_wconf 84' lang='lat' dir='ltr'>totam</span> <span class='ocrx_word' id='word_1_18' title='bbox 1595 429 1718 459; x_wconf 83' lang='lat' dir='ltr'>com-</span> 
     </span>
     <span class='ocr_line' id='line_1_4' title="bbox 349 489 1773 551; baseline -0.005 -16"><span class='ocrx_word' id='word_1_19' title='bbox 349 492 551 551; x_wconf 81' lang='lat' dir='ltr'>plectitur</span> <span class='ocrx_word' id='word_1_20' title='bbox 578 491 786 540; x_wconf 85' lang='lat' dir='ltr'>animam,</span> <span class='ocrx_word' id='word_1_21' title='bbox 813 499 900 535; x_wconf 83' lang='lat' dir='ltr'>tota</span> <span class='ocrx_word' id='word_1_22' title='bbox 921 491 1033 533; x_wconf 88' lang='lat' dir='ltr'>enim</span> <span class='ocrx_word' id='word_1_23' title='bbox 1054 490 1217 534; x_wconf 90' lang='lat' dir='ltr'>munita</span> <span class='ocrx_word' id='word_1_24' title='bbox 1241 497 1327 539; x_wconf 89' lang='lat' dir='ltr'>est,</span> <span class='ocrx_word' id='word_1_25' title='bbox 1351 504 1444 547; x_wconf 88' lang='lat' dir='ltr'>quae</span> <span class='ocrx_word' id='word_1_26' title='bbox 1466 489 1717 547; x_wconf 83' lang='lat' dir='ltr'><strong>desponsata</strong></span> <span class='ocrx_word' id='word_1_27' title='bbox 1770 524 1773 527; x_wconf 25' lang='lat' dir='ltr'><strong><em>s</em></strong></span> 
     </span>
     <span class='ocr_line' id='line_1_5' title="bbox 350 560 1778 620; baseline -0.004 -15"><span class='ocrx_word' id='word_1_28' title='bbox 350 561 428 612; x_wconf 86' lang='lat' dir='ltr'>Dei</span> <span class='ocrx_word' id='word_1_29' title='bbox 450 561 589 615; x_wconf 80' lang='lat' dir='ltr'>Verbo</span> <span class='ocrx_word' id='word_1_30' title='bbox 615 570 701 610; x_wconf 81' lang='lat' dir='ltr'>cst3</span> <span class='ocrx_word' id='word_1_31' title='bbox 733 561 952 620; x_wconf 79' lang='lat' dir='ltr'><strong>plenitudo</strong></span> <span class='ocrx_word' id='word_1_32' title='bbox 980 561 1092 606; x_wconf 83' lang='lat' dir='ltr'>enim</span> <span class='ocrx_word' id='word_1_33' title='bbox 1115 560 1353 619; x_wconf 84' lang='lat' dir='ltr'>sapientiae‚</span> <span class='ocrx_word' id='word_1_34' title='bbox 1379 560 1531 602; x_wconf 88' lang='lat' dir='ltr'>timere</span> <span class='ocrx_word' id='word_1_35' title='bbox 1560 560 1712 601; x_wconf 84' lang='lat' dir='ltr'>Deum.</span> <span class='ocrx_word' id='word_1_36' title='bbox 1777 611 1778 614; x_wconf 11' lang='grc' dir='ltr'><strong>Ἴ</strong></span> 
     </span>
     <span class='ocr_line' id='line_1_6' title="bbox 349 627 1719 690; baseline -0.002 -16"><span class='ocrx_word' id='word_1_37' title='bbox 349 632 456 684; x_wconf 82' lang='lat' dir='ltr'>Quae</span> <span class='ocrx_word' id='word_1_38' title='bbox 478 627 578 690; x_wconf 84' lang='lat' dir='ltr'>ergo</span> <span class='ocrx_word' id='word_1_39' title='bbox 608 633 743 674; x_wconf 84' lang='lat' dir='ltr'>Deum</span> <span class='ocrx_word' id='word_1_40' title='bbox 765 631 885 675; x_wconf 85' lang='lat' dir='ltr'>timet</span> <span class='ocrx_word' id='word_1_41' title='bbox 907 632 1044 674; x_wconf 87' lang='lat' dir='ltr'>anima</span> <span class='ocrx_word' id='word_1_42' title='bbox 1061 665 1071 681; x_wconf 89' lang='lat'><strong>,</strong></span> <span class='ocrx_word' id='word_1_43' title='bbox 1091 633 1217 690; x_wconf 87' lang='lat' dir='ltr'>pleno</span> <span class='ocrx_word' id='word_1_44' title='bbox 1245 646 1288 673; x_wconf 90' lang='lat' dir='ltr'>se</span> <span class='ocrx_word' id='word_1_45' title='bbox 1309 631 1449 673; x_wconf 87' lang='lat' dir='ltr'>munit</span> <span class='ocrx_word' id='word_1_46' title='bbox 1471 630 1560 688; x_wconf 87' lang='lat' dir='ltr'>ipsa</span> <span class='ocrx_word' id='word_1_47' title='bbox 1580 628 1719 688; x_wconf 82' lang='lat' dir='ltr'>praesi-</span> 
     </span>
     <span class='ocr_line' id='line_1_7' title="bbox 349 699 1719 762; baseline -0.002 -18"><span class='ocrx_word' id='word_1_48' title='bbox 349 701 418 744; x_wconf 88' lang='lat' dir='ltr'>dio</span> <span class='ocrx_word' id='word_1_49' title='bbox 440 718 449 742; x_wconf 92' lang='lat'>:</span> <span class='ocrx_word' id='word_1_50' title='bbox 474 702 604 746; x_wconf 87' lang='lat' dir='ltr'>mittit</span> <span class='ocrx_word' id='word_1_51' title='bbox 626 701 830 760; x_wconf 80' lang='lat' dir='ltr'>sapientia</span> <span class='ocrx_word' id='word_1_52' title='bbox 851 703 985 762; x_wconf 18' lang='lat' dir='ltr'>leva-m</span> <span class='ocrx_word' id='word_1_53' title='bbox 1006 717 1126 744; x_wconf 89' lang='lat' dir='ltr'>suam</span> <span class='ocrx_word' id='word_1_54' title='bbox 1149 702 1227 744; x_wconf 89' lang='lat' dir='ltr'>sub</span> <span class='ocrx_word' id='word_1_55' title='bbox 1252 702 1408 743; x_wconf 89' lang='lat' dir='ltr'>collum</span> <span class='ocrx_word' id='word_1_56' title='bbox 1430 699 1521 757; x_wconf 92' lang='lat' dir='ltr'>ejus</span> <span class='ocrx_word' id='word_1_57' title='bbox 1535 733 1546 749; x_wconf 92' lang='lat'><strong>,</strong></span> <span class='ocrx_word' id='word_1_58' title='bbox 1570 700 1719 742; x_wconf 88' lang='lat' dir='ltr'>dexte-</span> 
     </span>
     <span class='ocr_line' id='line_1_8' title="bbox 330 766 1719 829; baseline -0.002 -15"><span class='ocrx_word' id='word_1_59' title='bbox 330 786 440 813; x_wconf 82' lang='lat' dir='ltr'>·ram</span> <span class='ocrx_word' id='word_1_60' title='bbox 469 779 609 814; x_wconf 88' lang='lat' dir='ltr'>autem</span> <span class='ocrx_word' id='word_1_61' title='bbox 640 771 682 820; x_wconf 88' lang='lat' dir='ltr'>in</span> <span class='ocrx_word' id='word_1_62' title='bbox 716 773 984 829; x_wconf 84' lang='lat' dir='ltr'>complexum</span> <span class='ocrx_word' id='word_1_63' title='bbox 1015 771 1120 828; x_wconf 88' lang='lat' dir='ltr'>ejus.</span> <span class='ocrx_word' id='word_1_64' title='bbox 1151 772 1387 828; x_wconf 88' lang='lat' dir='ltr'>Utrumque</span> <span class='ocrx_word' id='word_1_65' title='bbox 1415 766 1587 828; x_wconf 90' lang='lat' dir='ltr'>quidem</span> <span class='ocrx_word' id='word_1_66' title='bbox 1618 770 1719 812; x_wconf 85' lang='lat' dir='ltr'>bra-</span> 
     </span>
     <span class='ocr_line' id='line_1_9' title="bbox 349 839 1719 900; baseline 0 -16"><span class='ocrx_word' id='word_1_67' title='bbox 349 841 494 885; x_wconf 88' lang='lat' dir='ltr'>chium</span> <span class='ocrx_word' id='word_1_68' title='bbox 512 842 603 900; x_wconf 90' lang='lat' dir='ltr'>ejus</span> <span class='ocrx_word' id='word_1_69' title='bbox 622 844 671 890; x_wconf 91' lang='lat' dir='ltr'>ad</span> <span class='ocrx_word' id='word_1_70' title='bbox 691 843 808 886; x_wconf 88' lang='lat' dir='ltr'>utilia</span> <span class='ocrx_word' id='word_1_71' title='bbox 826 839 1091 891; x_wconf 78' lang='lat' dir='ltr'>extenditur3</span> <span class='ocrx_word' id='word_1_72' title='bbox 1107 842 1266 886; x_wconf 85' lang='lat' dir='ltr'>hahent</span> <span class='ocrx_word' id='word_1_73' title='bbox 1281 851 1422 886; x_wconf 87' lang='lat' dir='ltr'>tamen</span> <span class='ocrx_word' id='word_1_74' title='bbox 1441 842 1719 900; x_wconf 76' lang='lat' dir='ltr'>proprietates</span> 
     </span>
     <span class='ocr_line' id='line_1_10' title="bbox 351 912 1719 971; baseline 0 -16"><span class='ocrx_word' id='word_1_75' title='bbox 351 927 447 955; x_wconf 87' lang='lat' dir='ltr'>suas</span> <span class='ocrx_word' id='word_1_76' title='bbox 477 912 651 971; x_wconf 59' lang='lat' dir='ltr'>singula}</span> <span class='ocrx_word' id='word_1_77' title='bbox 679 928 842 963; x_wconf 80' lang='lat' dir='ltr'>manus.</span> <span class='ocrx_word' id='word_1_78' title='bbox 879 913 1093 971; x_wconf 72' lang='lat' dir='ltr'>Sapientia</span> <span class='ocrx_word' id='word_1_79' title='bbox 1124 913 1167 956; x_wconf 89' lang='lat' dir='ltr'>in</span> <span class='ocrx_word' id='word_1_80' title='bbox 1198 914 1395 964; x_wconf 85' lang='lat' dir='ltr'>dextera,</span> <span class='ocrx_word' id='word_1_81' title='bbox 1427 920 1468 956; x_wconf 83' lang='lat' dir='ltr'>et</span> <span class='ocrx_word' id='word_1_82' title='bbox 1498 912 1719 971; x_wconf 79' lang='lat' dir='ltr'>longitudo</span> 
     </span>
     <span class='ocr_line' id='line_1_11' title="bbox 347 982 1721 1042; baseline -0.001 -16"><span class='ocrx_word' id='word_1_83' title='bbox 347 983 442 1026; x_wconf 87' lang='lat' dir='ltr'>vitae</span> <span class='ocrx_word' id='word_1_84' title='bbox 461 991 525 1027; x_wconf 86' lang='lat' dir='ltr'>est</span> <span class='ocrx_word' id='word_1_85' title='bbox 545 999 555 1025; x_wconf 75' lang='grc' dir='ltr'>ε</span> <span class='ocrx_word' id='word_1_86' title='bbox 580 983 623 1031; x_wconf 87' lang='lat' dir='ltr'>in</span> <span class='ocrx_word' id='word_1_87' title='bbox 649 982 816 1030; x_wconf 84' lang='lat' dir='ltr'>sinistra</span> <span class='ocrx_word' id='word_1_88' title='bbox 838 991 979 1030; x_wconf 83' lang='lat' dir='ltr'>autem</span> <span class='ocrx_word' id='word_1_89' title='bbox 1003 984 1156 1028; x_wconf 84' lang='lat' dir='ltr'>divitiae</span> <span class='ocrx_word' id='word_1_90' title='bbox 1178 993 1220 1027; x_wconf 88' lang='lat' dir='ltr'>et</span> <span class='ocrx_word' id='word_1_91' title='bbox 1246 984 1389 1042; x_wconf 81' lang='lat' dir='ltr'>gloria.</span> <span class='ocrx_word' id='word_1_92' title='bbox 1416 983 1544 1027; x_wconf 89' lang='lat' dir='ltr'>Bonis</span> <span class='ocrx_word' id='word_1_93' title='bbox 1573 982 1721 1040; x_wconf 83' lang='lat' dir='ltr'>utique</span> 
     </span>
     <span class='ocr_line' id='line_1_12' title="bbox 341 1053 1720 1110; baseline 0 -15"><span class='ocrx_word' id='word_1_94' title='bbox 341 1068 499 1107; x_wconf 78' lang='lat' dir='ltr'>manus</span> <span class='ocrx_word' id='word_1_95' title='bbox 522 1060 702 1110; x_wconf 86' lang='lat' dir='ltr'>utraque</span> <span class='ocrx_word' id='word_1_96' title='bbox 723 1054 864 1100; x_wconf 87' lang='lat' dir='ltr'>dotata</span> <span class='ocrx_word' id='word_1_97' title='bbox 886 1062 950 1096; x_wconf 91' lang='lat' dir='ltr'>est</span> <span class='ocrx_word' id='word_1_98' title='bbox 970 1053 1164 1102; x_wconf 75' lang='lat' dir='ltr'>dotibus:</span> <span class='ocrx_word' id='word_1_99' title='bbox 1185 1054 1227 1096; x_wconf 91' lang='lat' dir='ltr'>in</span> <span class='ocrx_word' id='word_1_100' title='bbox 1245 1069 1295 1097; x_wconf 89' lang='lat' dir='ltr'>eo</span> <span class='ocrx_word' id='word_1_101' title='bbox 1309 1063 1451 1097; x_wconf 83' lang='lat' dir='ltr'>tamen</span> <span class='ocrx_word' id='word_1_102' title='bbox 1473 1053 1632 1096; x_wconf 86' lang='lat' dir='ltr'>hahent</span> <span class='ocrx_word' id='word_1_103' title='bbox 1648 1067 1720 1095; x_wconf 89' lang='lat' dir='ltr'>va-</span> 
     </span>
     <span class='ocr_line' id='line_1_13' title="bbox 346 1124 1719 1186; baseline 0 -19"><span class='ocrx_word' id='word_1_104' title='bbox 346 1124 543 1168; x_wconf 86' lang='lat' dir='ltr'>rietatem</span> <span class='ocrx_word' id='word_1_105' title='bbox 563 1124 626 1167; x_wconf 86' lang='lat' dir='ltr'>sui</span> <span class='ocrx_word' id='word_1_106' title='bbox 648 1125 854 1174; x_wconf 84' lang='lat' dir='ltr'>muneris,</span> <span class='ocrx_word' id='word_1_107' title='bbox 874 1127 989 1186; x_wconf 85' lang='lat' dir='ltr'>quod</span> <span class='ocrx_word' id='word_1_108' title='bbox 1010 1135 1052 1168; x_wconf 85' lang='lat' dir='ltr'>et</span> <span class='ocrx_word' id='word_1_109' title='bbox 1072 1125 1295 1184; x_wconf 83' lang='lat' dir='ltr'>praesentia</span> <span class='ocrx_word' id='word_1_110' title='bbox 1311 1133 1354 1168; x_wconf 85' lang='lat' dir='ltr'>et</span> <span class='ocrx_word' id='word_1_111' title='bbox 1370 1125 1512 1168; x_wconf 86' lang='lat' dir='ltr'>futura</span> <span class='ocrx_word' id='word_1_112' title='bbox 1530 1133 1719 1183; x_wconf 79' lang='lat' dir='ltr'>tempora</span> 
     </span>
     <span class='ocr_line' id='line_1_14' title="bbox 345 1196 1716 1254; baseline 0.001 -17"><span class='ocrx_word' id='word_1_113' title='bbox 345 1196 741 1254; x_wconf 79' lang='lat' dir='ltr'>comprehendunt3</span> <span class='ocrx_word' id='word_1_114' title='bbox 768 1198 931 1246; x_wconf 82' lang='lat' dir='ltr'>utlaeva</span> <span class='ocrx_word' id='word_1_115' title='bbox 953 1198 1224 1254; x_wconf 82' lang='lat' dir='ltr'>praesentium</span> <span class='ocrx_word' id='word_1_116' title='bbox 1250 1196 1584 1246; x_wconf 68' lang='lat' dir='ltr'>remuneratrix,</span> <span class='ocrx_word' id='word_1_117' title='bbox 1612 1197 1716 1239; x_wconf 84' lang='lat' dir='ltr'>dex-</span> 
     </span>
     <span class='ocr_line' id='line_1_15' title="bbox 349 1266 784 1315; baseline 0 -7"><span class='ocrx_word' id='word_1_118' title='bbox 349 1274 440 1308; x_wconf 88' lang='lat' dir='ltr'>tera</span> <span class='ocrx_word' id='word_1_119' title='bbox 460 1266 702 1315; x_wconf 79' lang='lat' dir='ltr'>futurorum</span> <span class='ocrx_word' id='word_1_120' title='bbox 719 1266 784 1310; x_wconf 87' lang='lat' dir='ltr'>sit.</span> 
     </span>
    </p>

    <p class='ocr_par' dir='ltr' id='par_1_3' title="bbox 331 1337 1724 2458">
     <span class='ocr_line' id='line_1_16' title="bbox 384 1337 1720 1396; baseline -0.001 -16"><span class='ocrx_word' id='word_1_121' title='bbox 384 1337 590 1380; x_wconf 51' lang='lat' dir='ltr'>«XXXII.</span> <span class='ocrx_word' id='word_1_122' title='bbox 625 1338 853 1387; x_wconf 80' lang='lat' dir='ltr'>Possumus</span> <span class='ocrx_word' id='word_1_123' title='bbox 885 1337 967 1381; x_wconf 90' lang='lat' dir='ltr'>hoc</span> <span class='ocrx_word' id='word_1_124' title='bbox 994 1338 1122 1380; x_wconf 85' lang='lat' dir='ltr'>etiam</span> <span class='ocrx_word' id='word_1_125' title='bbox 1148 1339 1199 1380; x_wconf 86' lang='lat' dir='ltr'>de</span> <span class='ocrx_word' id='word_1_126' title='bbox 1231 1337 1452 1396; x_wconf 83' lang='lat' dir='ltr'>prophetia</span> <span class='ocrx_word' id='word_1_127' title='bbox 1487 1337 1623 1380; x_wconf 84' lang='lat' dir='ltr'>sancti</span> <span class='ocrx_word' id='word_1_128' title='bbox 1650 1352 1720 1395; x_wconf 88' lang='lat' dir='ltr'>pa-</span> 
     </span>
     <span class='ocr_line' id='line_1_17' title="bbox 346 1407 1720 1466; baseline 0.001 -17"><span class='ocrx_word' id='word_1_129' title='bbox 346 1407 543 1450; x_wconf 81' lang='lat' dir='ltr'>triarchae</span> <span class='ocrx_word' id='word_1_130' title='bbox 578 1408 709 1451; x_wconf 81' lang='lat' dir='ltr'>Israe&#39;l</span> <span class='ocrx_word' id='word_1_131' title='bbox 749 1423 1019 1466; x_wconf 79' lang='lat' dir='ltr'>cognoscere.</span> <span class='ocrx_word' id='word_1_132' title='bbox 1063 1409 1168 1452; x_wconf 89' lang='lat' dir='ltr'>Nam</span> <span class='ocrx_word' id='word_1_133' title='bbox 1211 1424 1310 1451; x_wconf 86' lang='lat' dir='ltr'>cum</span> <span class='ocrx_word' id='word_1_134' title='bbox 1345 1408 1559 1451; x_wconf 88' lang='lat' dir='ltr'>dexteram</span> <span class='ocrx_word' id='word_1_135' title='bbox 1600 1422 1720 1450; x_wconf 88' lang='lat' dir='ltr'>suam</span> 
     </span>
     <span class='ocr_line' id='line_1_18' title="bbox 352 1479 1718 1538; baseline 0.001 -18"><span class='ocrx_word' id='word_1_136' title='bbox 352 1479 563 1536; x_wconf 87' lang='lat' dir='ltr'>posuisset</span> <span class='ocrx_word' id='word_1_137' title='bbox 589 1494 714 1536; x_wconf 88' lang='lat' dir='ltr'>super</span> <span class='ocrx_word' id='word_1_138' title='bbox 745 1479 968 1537; x_wconf 87' lang='lat' dir='ltr'>Ephraem,</span> <span class='ocrx_word' id='word_1_139' title='bbox 994 1479 1203 1522; x_wconf 86' lang='lat' dir='ltr'>sinistram</span> <span class='ocrx_word' id='word_1_140' title='bbox 1234 1488 1376 1522; x_wconf 86' lang='lat' dir='ltr'>autem</span> <span class='ocrx_word' id='word_1_141' title='bbox 1406 1495 1532 1538; x_wconf 89' lang='lat' dir='ltr'>super</span> <span class='ocrx_word' id='word_1_142' title='bbox 1560 1480 1718 1523; x_wconf 86' lang='lat' dir='ltr'>Manas-</span> 
     </span>
     <span class='ocr_line' id='line_1_19' title="bbox 343 1549 1717 1608; baseline 0.001 -17"><span class='ocrx_word' id='word_1_143' title='bbox 343 1564 421 1591; x_wconf 89' lang='lat' dir='ltr'>sen</span> <span class='ocrx_word' id='word_1_144' title='bbox 441 1582 452 1598; x_wconf 93' lang='lat'><strong><em>,</em></strong></span> <span class='ocrx_word' id='word_1_145' title='bbox 475 1558 517 1593; x_wconf 87' lang='lat' dir='ltr'>et</span> <span class='ocrx_word' id='word_1_146' title='bbox 539 1557 792 1600; x_wconf 61' lang='lat' dir='ltr'>convertere,</span> <span class='ocrx_word' id='word_1_147' title='bbox 812 1565 882 1595; x_wconf 82' lang='lat' dir='ltr'>eas</span> <span class='ocrx_word' id='word_1_148' title='bbox 905 1549 1066 1608; x_wconf 78' lang='lat' dir='ltr'>Joseph</span> <span class='ocrx_word' id='word_1_149' title='bbox 1083 1558 1256 1593; x_wconf 82' lang='lat' dir='ltr'>aetatum</span> <span class='ocrx_word' id='word_1_150' title='bbox 1284 1549 1621 1593; x_wconf 84' lang='lat' dir='ltr'>consideratione</span> <span class='ocrx_word' id='word_1_151' title='bbox 1641 1563 1717 1592; x_wconf 87' lang='lat' dir='ltr'>vo-</span> 
     </span>
     <span class='ocr_line' id='line_1_20' title="bbox 342 1619 1719 1679; baseline -0.001 -15"><span class='ocrx_word' id='word_1_152' title='bbox 342 1619 520 1671; x_wconf 86' lang='lat' dir='ltr'>luisset,</span> <span class='ocrx_word' id='word_1_153' title='bbox 555 1628 603 1668; x_wconf 88' lang='lat' dir='ltr'>ut</span> <span class='ocrx_word' id='word_1_154' title='bbox 625 1622 841 1668; x_wconf 83' lang='lat' dir='ltr'>dexteram</span> <span class='ocrx_word' id='word_1_155' title='bbox 868 1621 997 1678; x_wconf 87' lang='lat' dir='ltr'>patris</span> <span class='ocrx_word' id='word_1_156' title='bbox 1029 1637 1154 1679; x_wconf 87' lang='lat' dir='ltr'>super</span> <span class='ocrx_word' id='word_1_157' title='bbox 1177 1630 1305 1679; x_wconf 88' lang='lat' dir='ltr'>caput</span> <span class='ocrx_word' id='word_1_158' title='bbox 1331 1621 1519 1664; x_wconf 84' lang='lat' dir='ltr'>Manasse</span> <span class='ocrx_word' id='word_1_159' title='bbox 1545 1620 1719 1664; x_wconf 74' lang='lat' dir='ltr'>senior-is</span> 
     </span>
     <span class='ocr_line' id='line_1_21' title="bbox 340 1689 1718 1743; baseline 0.001 -10"><span class='ocrx_word' id='word_1_160' title='bbox 340 1689 422 1733; x_wconf 74' lang='lat' dir='ltr'>&#39;filii</span> <span class='ocrx_word' id='word_1_161' title='bbox 448 1692 680 1735; x_wconf 87' lang='lat' dir='ltr'>collocaret</span> <span class='ocrx_word' id='word_1_162' title='bbox 699 1725 710 1742; x_wconf 88' lang='lat'><strong>,</strong></span> <span class='ocrx_word' id='word_1_163' title='bbox 737 1692 875 1736; x_wconf 91' lang='lat' dir='ltr'>noluit</span> <span class='ocrx_word' id='word_1_164' title='bbox 900 1701 942 1735; x_wconf 91' lang='lat' dir='ltr'>et</span> <span class='ocrx_word' id='word_1_165' title='bbox 965 1693 1068 1736; x_wconf 85' lang='lat' dir='ltr'>dixit</span> <span class='ocrx_word' id='word_1_166' title='bbox 1087 1709 1096 1734; x_wconf 77' lang='grc' dir='ltr'><strong>ε</strong></span> <span class='ocrx_word' id='word_1_167' title='bbox 1122 1711 1138 1732; x_wconf 87' lang='lat'>«</span> <span class='ocrx_word' id='word_1_168' title='bbox 1161 1693 1258 1736; x_wconf 88' lang='lat' dir='ltr'>Scio</span> <span class='ocrx_word' id='word_1_169' title='bbox 1274 1726 1285 1743; x_wconf 91' lang='lat'><strong><em>,</em></strong></span> <span class='ocrx_word' id='word_1_170' title='bbox 1312 1692 1396 1743; x_wconf 89' lang='lat' dir='ltr'>fili;</span> <span class='ocrx_word' id='word_1_171' title='bbox 1420 1701 1462 1736; x_wconf 91' lang='lat' dir='ltr'>et</span> <span class='ocrx_word' id='word_1_172' title='bbox 1481 1692 1552 1743; x_wconf 80' lang='lat' dir='ltr'>hic</span> <span class='ocrx_word' id='word_1_173' title='bbox 1573 1692 1654 1735; x_wconf 87' lang='lat' dir='ltr'>erit</span> <span class='ocrx_word' id='word_1_174' title='bbox 1674 1691 1718 1735; x_wconf 91' lang='lat' dir='ltr'>in</span> 
     </span>
     <span class='ocr_line' id='line_1_22' title="bbox 346 1762 1719 1822; baseline 0.003 -20"><span class='ocrx_word' id='word_1_175' title='bbox 346 1779 363 1802; x_wconf 81' lang='lat'>»</span> <span class='ocrx_word' id='word_1_176' title='bbox 376 1763 584 1819; x_wconf 89' lang='lat' dir='ltr'>populum</span> <span class='ocrx_word' id='word_1_177' title='bbox 599 1795 610 1811; x_wconf 93' lang='lat'>‚</span> <span class='ocrx_word' id='word_1_178' title='bbox 633 1771 676 1806; x_wconf 91' lang='lat' dir='ltr'>et</span> <span class='ocrx_word' id='word_1_179' title='bbox 692 1762 760 1807; x_wconf 92' lang='lat' dir='ltr'>hic</span> <span class='ocrx_word' id='word_1_180' title='bbox 784 1763 1036 1809; x_wconf 85' lang='lat' dir='ltr'>exaltabitur</span> <span class='ocrx_word' id='word_1_181' title='bbox 1054 1780 1063 1805; x_wconf 91' lang='lat'>:</span> <span class='ocrx_word' id='word_1_182' title='bbox 1089 1764 1164 1806; x_wconf 89' lang='lat' dir='ltr'>sed</span> <span class='ocrx_word' id='word_1_183' title='bbox 1180 1763 1312 1822; x_wconf 61' lang='lat' dir='ltr'>&gt;frater</span> <span class='ocrx_word' id='word_1_184' title='bbox 1332 1764 1476 1821; x_wconf 86' lang='lat' dir='ltr'>junior</span> <span class='ocrx_word' id='word_1_185' title='bbox 1494 1763 1631 1820; x_wconf 77' lang='lat' dir='ltr'>major</span> <span class='ocrx_word' id='word_1_186' title='bbox 1648 1764 1719 1806; x_wconf 90' lang='lat' dir='ltr'>illo</span> 
     </span>
     <span class='ocr_line' id='line_1_23' title="bbox 348 1824 1719 1892; baseline 0.001 -18"><span class='ocrx_word' id='word_1_187' title='bbox 348 1831 504 1882; x_wconf 55' lang='lat' dir='ltr'>»erist</span> <span class='ocrx_word' id='word_1_188' title='bbox 539 1850 555 1872; x_wconf 82' lang='lat'>»</span> <span class='ocrx_word' id='word_1_189' title='bbox 584 1833 630 1882; x_wconf 92' lang='lat' dir='ltr'>In</span> <span class='ocrx_word' id='word_1_190' title='bbox 663 1847 746 1890; x_wconf 83' lang='lat' dir='ltr'>qno</span> <span class='ocrx_word' id='word_1_191' title='bbox 775 1833 947 1890; x_wconf 77' lang='lat' dir='ltr'>major?</span> <span class='ocrx_word' id='word_1_192' title='bbox 973 1834 1021 1877; x_wconf 87' lang='lat' dir='ltr'>In</span> <span class='ocrx_word' id='word_1_193' title='bbox 1050 1849 1101 1883; x_wconf 81' lang='lat' dir='ltr'>co</span> <span class='ocrx_word' id='word_1_194' title='bbox 1130 1824 1274 1892; x_wconf 87' lang='lat' dir='ltr'>utique</span> <span class='ocrx_word' id='word_1_195' title='bbox 1298 1835 1394 1892; x_wconf 89' lang='lat' dir='ltr'>quia</span> <span class='ocrx_word' id='word_1_196' title='bbox 1420 1835 1719 1880; x_wconf 83' lang='lat' dir='ltr'>benedictione</span> 
     </span>
     <span class='ocr_line' id='line_1_24' title="bbox 346 1903 1719 1962; baseline 0 -15"><span class='ocrx_word' id='word_1_197' title='bbox 346 1903 544 1960; x_wconf 72' lang='lat' dir='ltr'>praelatus</span> <span class='ocrx_word' id='word_1_198' title='bbox 561 1911 640 1951; x_wconf 85' lang='lat' dir='ltr'>cst,</span> <span class='ocrx_word' id='word_1_199' title='bbox 661 1903 903 1947; x_wconf 81' lang='lat' dir='ltr'>dicentibus</span> <span class='ocrx_word' id='word_1_200' title='bbox 920 1904 1123 1962; x_wconf 88' lang='lat' dir='ltr'>posteris:</span> <span class='ocrx_word' id='word_1_201' title='bbox 1142 1923 1156 1944; x_wconf 89' lang='lat'>«</span> <span class='ocrx_word' id='word_1_202' title='bbox 1178 1905 1325 1948; x_wconf 81' lang='lat' dir='ltr'>Faciat</span> <span class='ocrx_word' id='word_1_203' title='bbox 1342 1905 1460 1948; x_wconf 84' lang='lat' dir='ltr'>vobis</span> <span class='ocrx_word' id='word_1_204' title='bbox 1481 1905 1592 1948; x_wconf 89' lang='lat' dir='ltr'>Deus</span> <span class='ocrx_word' id='word_1_205' title='bbox 1610 1905 1719 1948; x_wconf 87' lang='lat' dir='ltr'>sicut</span> 
     </span>
     <span class='ocr_line' id='line_1_25' title="bbox 349 1972 1720 2033; baseline 0.004 -20"><span class='ocrx_word' id='word_1_206' title='bbox 349 1972 578 2030; x_wconf 86' lang='lat' dir='ltr'>»Ephraem</span> <span class='ocrx_word' id='word_1_207' title='bbox 602 1981 644 2015; x_wconf 89' lang='lat' dir='ltr'>et</span> <span class='ocrx_word' id='word_1_208' title='bbox 667 1973 886 2019; x_wconf 83' lang='lat' dir='ltr'>Manassen</span> <span class='ocrx_word' id='word_1_209' title='bbox 901 1973 915 1995; x_wconf 84' lang='lat'><strong>²</strong></span> <span class='ocrx_word' id='word_1_210' title='bbox 937 1990 946 2017; x_wconf 73' lang='grc' dir='ltr'><strong><em>ε</em></strong></span> <span class='ocrx_word' id='word_1_211' title='bbox 973 1976 1069 2018; x_wconf 89' lang='lat' dir='ltr'>»vel</span> <span class='ocrx_word' id='word_1_212' title='bbox 1095 1975 1191 2033; x_wconf 90' lang='lat' dir='ltr'>quia</span> <span class='ocrx_word' id='word_1_213' title='bbox 1213 1991 1357 2018; x_wconf 89' lang='lat' dir='ltr'>semen</span> <span class='ocrx_word' id='word_1_214' title='bbox 1379 1975 1470 2032; x_wconf 87' lang='lat' dir='ltr'>ejus</span> <span class='ocrx_word' id='word_1_215' title='bbox 1492 1975 1720 2019; x_wconf 89' lang='lat' dir='ltr'>multitudo</span> 
     </span>
     <span class='ocr_line' id='line_1_26' title="bbox 352 2043 1722 2104; baseline 0.004 -19"><span class='ocrx_word' id='word_1_216' title='bbox 352 2043 543 2102; x_wconf 83' lang='lat' dir='ltr'>gentium</span> <span class='ocrx_word' id='word_1_217' title='bbox 570 2043 648 2096; x_wconf 83' lang='lat' dir='ltr'>sit,</span> <span class='ocrx_word' id='word_1_218' title='bbox 682 2060 775 2102; x_wconf 85' lang='lat' dir='ltr'>quae</span> <span class='ocrx_word' id='word_1_219' title='bbox 798 2045 840 2087; x_wconf 92' lang='lat' dir='ltr'>in</span> <span class='ocrx_word' id='word_1_220' title='bbox 865 2045 948 2088; x_wconf 91' lang='lat' dir='ltr'>hoc</span> <span class='ocrx_word' id='word_1_221' title='bbox 972 2047 1125 2088; x_wconf 86' lang='lat' dir='ltr'>saeculo</span> <span class='ocrx_word' id='word_1_222' title='bbox 1147 2047 1338 2089; x_wconf 85' lang='lat' dir='ltr'>laborem</span> <span class='ocrx_word' id='word_1_223' title='bbox 1369 2047 1521 2104; x_wconf 87' lang='lat' dir='ltr'>elegit,</span> <span class='ocrx_word' id='word_1_224' title='bbox 1545 2048 1722 2090; x_wconf 86' lang='lat' dir='ltr'>credens</span> 
     </span>
     <span class='ocr_line' id='line_1_27' title="bbox 352 2115 1716 2172; baseline 0.004 -14"><span class='ocrx_word' id='word_1_225' title='bbox 352 2115 396 2167; x_wconf 77' lang='lat' dir='ltr'>in</span> <span class='ocrx_word' id='word_1_226' title='bbox 411 2116 642 2165; x_wconf 86' lang='lat' dir='ltr'>Dominum</span> <span class='ocrx_word' id='word_1_227' title='bbox 663 2115 810 2159; x_wconf 84' lang='lat' dir='ltr'>Jesum</span> <span class='ocrx_word' id='word_1_228' title='bbox 827 2133 839 2166; x_wconf 80' lang='lat'>3</span> <span class='ocrx_word' id='word_1_229' title='bbox 866 2126 912 2160; x_wconf 88' lang='lat' dir='ltr'>ut</span> <span class='ocrx_word' id='word_1_230' title='bbox 934 2117 1266 2161; x_wconf 79' lang='lat' dir='ltr'>consolatione-m</span> <span class='ocrx_word' id='word_1_231' title='bbox 1287 2119 1440 2162; x_wconf 88' lang='lat' dir='ltr'>habeat</span> <span class='ocrx_word' id='word_1_232' title='bbox 1463 2119 1716 2172; x_wconf 79' lang='lat' dir='ltr'>futurorum.</span> 
     </span>
     <span class='ocr_line' id='line_1_28' title="bbox 354 2188 1723 2248; baseline 0.001 -17"><span class='ocrx_word' id='word_1_233' title='bbox 354 2188 563 2236; x_wconf 87' lang='lat' dir='ltr'>Manasses</span> <span class='ocrx_word' id='word_1_234' title='bbox 578 2195 719 2230; x_wconf 82' lang='lat' dir='ltr'>autem</span> <span class='ocrx_word' id='word_1_235' title='bbox 734 2203 877 2236; x_wconf 87' lang='lat' dir='ltr'>semen</span> <span class='ocrx_word' id='word_1_236' title='bbox 889 2196 951 2230; x_wconf 85' lang='lat' dir='ltr'>est</span> <span class='ocrx_word' id='word_1_237' title='bbox 968 2190 1148 2246; x_wconf 89' lang='lat' dir='ltr'>populus</span> <span class='ocrx_word' id='word_1_238' title='bbox 1166 2189 1402 2240; x_wconf 88' lang='lat' dir='ltr'>oblivionis,</span> <span class='ocrx_word' id='word_1_239' title='bbox 1416 2190 1489 2247; x_wconf 82' lang='lat' dir='ltr'>qui</span> <span class='ocrx_word' id='word_1_240' title='bbox 1501 2189 1723 2248; x_wconf 85' lang='lat' dir='ltr'>proprium</span> 
     </span>
     <span class='ocr_line' id='line_1_29' title="bbox 360 2256 1721 2318; baseline 0.001 -17"><span class='ocrx_word' id='word_1_241' title='bbox 360 2259 516 2301; x_wconf 87' lang='lat' dir='ltr'>oblitus</span> <span class='ocrx_word' id='word_1_242' title='bbox 540 2266 756 2300; x_wconf 85' lang='lat' dir='ltr'>auctorem</span> <span class='ocrx_word' id='word_1_243' title='bbox 771 2291 783 2307; x_wconf 90' lang='lat'><strong>,</strong></span> <span class='ocrx_word' id='word_1_244' title='bbox 804 2260 1009 2301; x_wconf 87' lang='lat' dir='ltr'>exaltatus</span> <span class='ocrx_word' id='word_1_245' title='bbox 1028 2260 1080 2301; x_wconf 89' lang='lat' dir='ltr'>ad</span> <span class='ocrx_word' id='word_1_246' title='bbox 1097 2267 1264 2318; x_wconf 85' lang='lat' dir='ltr'>tempus</span> <span class='ocrx_word' id='word_1_247' title='bbox 1287 2260 1330 2302; x_wconf 88' lang='lat' dir='ltr'>in</span> <span class='ocrx_word' id='word_1_248' title='bbox 1353 2261 1435 2304; x_wconf 89' lang='lat' dir='ltr'>hoc</span> <span class='ocrx_word' id='word_1_249' title='bbox 1457 2256 1612 2304; x_wconf 84' lang='lat' dir='ltr'>saeculo</span> <span class='ocrx_word' id='word_1_250' title='bbox 1628 2270 1721 2310; x_wconf 31' lang='lat' dir='ltr'>estv,</span> 
     </span>
     <span class='ocr_line' id='line_1_30' title="bbox 331 2329 1724 2391; baseline 0.004 -20"><span class='ocrx_word' id='word_1_251' title='bbox 331 2363 334 2365; x_wconf 89' lang='lat'>.</span> <span class='ocrx_word' id='word_1_252' title='bbox 362 2331 536 2391; x_wconf 81' lang='lat' dir='ltr'>daturus</span> <span class='ocrx_word' id='word_1_253' title='bbox 564 2329 607 2371; x_wconf 94' lang='lat' dir='ltr'>in</span> <span class='ocrx_word' id='word_1_254' title='bbox 636 2329 847 2386; x_wconf 86' lang='lat' dir='ltr'>reliquum</span> <span class='ocrx_word' id='word_1_255' title='bbox 877 2345 1020 2388; x_wconf 85' lang='lat' dir='ltr'>poenas</span> <span class='ocrx_word' id='word_1_256' title='bbox 1047 2345 1220 2388; x_wconf 77' lang='lat' dir='ltr'>graves3</span> <span class='ocrx_word' id='word_1_257' title='bbox 1246 2332 1344 2389; x_wconf 90' lang='lat' dir='ltr'>quia</span> <span class='ocrx_word' id='word_1_258' title='bbox 1371 2333 1509 2387; x_wconf 83' lang='lat' dir='ltr'>Deum</span> <span class='ocrx_word' id='word_1_259' title='bbox 1537 2348 1661 2376; x_wconf 87' lang='lat' dir='ltr'>suum</span> <span class='ocrx_word' id='word_1_260' title='bbox 1681 2341 1724 2376; x_wconf 84' lang='lat' dir='ltr'>et</span> 
     </span>
     <span class='ocr_line' id='line_1_31' title="bbox 361 2401 846 2458; baseline -0.002 -15"><span class='ocrx_word' id='word_1_261' title='bbox 361 2401 594 2447; x_wconf 80' lang='lat' dir='ltr'>Dominum</span> <span class='ocrx_word' id='word_1_262' title='bbox 614 2401 846 2458; x_wconf 82' lang='lat' dir='ltr'>denegavit.</span> 
     </span>
    </p>

    <p class='ocr_par' dir='ltr' id='par_1_4' title="bbox 363 2470 1725 2606">
     <span class='ocr_line' id='line_1_32' title="bbox 421 2470 1725 2532; baseline 0.003 -18"><span class='ocrx_word' id='word_1_263' title='bbox 421 2470 627 2514; x_wconf 80' lang='lat' dir='ltr'>XXXIII.</span> <span class='ocrx_word' id='word_1_264' title='bbox 663 2471 754 2513; x_wconf 91' lang='lat' dir='ltr'>Hoc</span> <span class='ocrx_word' id='word_1_265' title='bbox 772 2471 865 2513; x_wconf 89' lang='lat' dir='ltr'>ideo</span> <span class='ocrx_word' id='word_1_266' title='bbox 890 2470 1086 2520; x_wconf 86' lang='lat' dir='ltr'>diximus,</span> <span class='ocrx_word' id='word_1_267' title='bbox 1104 2480 1151 2514; x_wconf 91' lang='lat' dir='ltr'>ut</span> <span class='ocrx_word' id='word_1_268' title='bbox 1168 2472 1444 2530; x_wconf 89' lang='lat' dir='ltr'>probaremus</span> <span class='ocrx_word' id='word_1_269' title='bbox 1465 2489 1511 2516; x_wconf 89' lang='lat' dir='ltr'>ea</span> <span class='ocrx_word' id='word_1_270' title='bbox 1535 2490 1624 2518; x_wconf 87' lang='lat' dir='ltr'>esse</span> <span class='ocrx_word' id='word_1_271' title='bbox 1645 2489 1725 2532; x_wconf 90' lang='lat' dir='ltr'>po-</span> 
     </span>
     <span class='ocr_line' id='line_1_33' title="bbox 363 2540 1724 2606; baseline 0.004 -21"><span class='ocrx_word' id='word_1_272' title='bbox 363 2541 489 2592; x_wconf 82' lang='lat' dir='ltr'>tiora,</span> <span class='ocrx_word' id='word_1_273' title='bbox 514 2555 606 2598; x_wconf 91' lang='lat' dir='ltr'>quae</span> <span class='ocrx_word' id='word_1_274' title='bbox 627 2540 767 2584; x_wconf 86' lang='lat' dir='ltr'>futura</span> <span class='ocrx_word' id='word_1_275' title='bbox 791 2550 900 2587; x_wconf 82' lang='lat' dir='ltr'>sunt.</span> <span class='ocrx_word' id='word_1_276' title='bbox 922 2541 1115 2600; x_wconf 90' lang='lat' dir='ltr'>Denique</span> <span class='ocrx_word' id='word_1_277' title='bbox 1135 2544 1234 2587; x_wconf 85' lang='lat' dir='ltr'>laeva</span> <span class='ocrx_word' id='word_1_278' title='bbox 1253 2543 1466 2603; x_wconf 73' lang='lat' dir='ltr'>sapientiae</span> <span class='ocrx_word' id='word_1_279' title='bbox 1489 2545 1566 2588; x_wconf 89' lang='lat' dir='ltr'>sub</span> <span class='ocrx_word' id='word_1_280' title='bbox 1585 2546 1724 2606; x_wconf 81' lang='lat' dir='ltr'>capite</span> 
     </span>
    </p>
   </div>
   <div class='ocr_carea' id='block_1_3' title="bbox 409 2632 994 2676">
    <p class='ocr_par' dir='ltr' id='par_1_5' title="bbox 409 2632 994 2676">
     <span class='ocr_line' id='line_1_34' title="bbox 409 2632 994 2676; baseline 0.002 -11"><span class='ocrx_word' id='word_1_281' title='bbox 409 2643 420 2659; x_wconf 81' lang='lat'><em>¹</em></span> <span class='ocrx_word' id='word_1_282' title='bbox 440 2632 523 2666; x_wconf 88' lang='lat' dir='ltr'>Gen.</span> <span class='ocrx_word' id='word_1_283' title='bbox 540 2643 653 2671; x_wconf 68' lang='lat' dir='ltr'>xnvm,</span> <span class='ocrx_word' id='word_1_284' title='bbox 674 2644 725 2676; x_wconf 86' lang='lat'>¹9·</span> <span class='ocrx_word' id='word_1_285' title='bbox 741 2652 782 2659; x_wconf 91' lang='lat'>—-</span> <span class='ocrx_word' id='word_1_286' title='bbox 801 2643 813 2660; x_wconf 81' lang='lat'>²</span> <span class='ocrx_word' id='word_1_287' title='bbox 837 2633 923 2667; x_wconf 73' lang='lat' dir='ltr'>ibid.</span> <span class='ocrx_word' id='word_1_288' title='bbox 945 2644 994 2666; x_wconf 83' lang='lat'>20.</span> 
     </span>
    </p>
   </div>
  </div>
 </body>
</html>
