1800 3236
362 324 381 356 1
393 311 448 365 84
914 325 944 351 s.
982 323 1174 352 auur-osu

364 403 593 463 apostolica
615 401 865 446 auctoritate
888 401 1076 444 sublatus
1099 416 1122 443 e
1152 399 1457 459 medio'plebis‘
1481 399 1566 443 est¹
1587 395 1723 458 {quia

362 476 523 530 malum
544 489 649 532 opus
671 472 792 521 fecit,
810 471 988 515 traditus
1006 480 1070 514 est
1086 471 1128 513 in
1143 471 1279 514 carnis
1302 470 1519 514 interitum
1533 503 1544 520 ‚
1563 469 1618 513 ut'
1631 470 1724 529 ejus
1786 508 1791 512 .

362 546 533 604 spiritus
563 545 808 586 salvaretur.
841 542 901 584 Ex
930 557 1014 599 quo
1045 542 1316 599 intelligimus
1338 542 1434 600 quia
1455 542 1496 584 in
1518 542 1632 584 bono
1651 557 1726 584 ex·-

364 615 573 664 cluditur,
605 613 675 671 qui
708 613 881 670 jubetur
903 627 1026 671 agere
1051 613 1436 671 poenitentiam3ut
1457 612 1723 662 humilietur,

366 696 408 730 et
437 693 749 744 compungatur
782 685 924 728 corde.
957 685 1056 727 Haec
1083 685 1196 727 enim
1218 681 1728 728 reconciliationis·s'olcxit

365 772 455 801 esse
472 755 680 814 suffragia.

362 873 373 875 ⁷,
427 828 474 871 V.
512 828 705 885 Denique
731 827 858 869 etiam
882 826 923 869 in
951 826 1164 869 Hieremia
1192 827 1346 885 scripta
1372 826 1449 870 sub'
1479 827 1559 871 hac
1589 827 1730 870 littera

367 900 411 942 id
433 899 630 942 videntur
653 896 902 956 significare.
939 897 1009 940 Sic
1039 897 1154 939 enim
1176 897 1355 955 legimus
1386 899 1439 941 de
1469 894 1730 942 Hierusalem
1787 928 1789 931 .

367 971 443 1013 illa
468 976 652 1012 'terrena
673 984 682 1011 ε
708 987 723 1007 ιι
741 968 1015 1011 Immunditia
1033 968 1124 1026 ejus
1143 977 1240 1012 ante
1259 971 1388 1027 pedes
1405 970 1510 1029 ejus.
1539 970 1631 1015 Non
1654 970 1733 1014 fuit

366 1056 565 1088 »memor
595 1039 921 1082 novissimorum
949 1054 1123 1082 suorum
1139 1073 1148 1090 ‚
1173 1048 1216 1082 et
1237 1039 1391 1083 cecidit
1412 1040 1622 1083 invalide:
1647 1055 1734 1084 non

371 1121 463 1166 »est
500 1112 572 1169 qui
611 1113 853 1155 consoletur
887 1126 995 1153 eam.
1035 1110 1141 1155 Vide
1164 1145 1173 1160 ,
1207 1112 1414 1162 Domine,
1449 1111 1734 1156 humilitatem

370 1183 519 1240 »ejusg
550 1183 646 1239 quia
677 1181 971 1240 magnificatus
993 1190 1056 1224 est
1076 1181 1311 1235 inimicusf.
1335 1201 1350 1223 u
1378 1183 1433 1226 Et
1454 1183 1550 1241 quia
1573 1183 1633 1226 sic
1652 1183 1735 1227 hu-

372 1253 532 1295 miliata
552 1260 614 1294 est
633 1251 894 1294 Hierusalem
910 1285 920 1301 ,
938 1252 1088 1294 merito
1111 1261 1254 1310 postea
1273 1253 1311 1295 ei
1331 1254 1487 1296 dicitur
1507 1269 1517 1296 ε
1541 1271 1558 1294 α
1573 1254 1737 1297 Defecit
1784 1286 1786 1288 -

371 1323 599 1381 »iniquitas
630 1332 726 1372 tua,
767 1323 851 1365 filia
883 1323 984 1365 Sion
1005 1322 1035 1366 ².
1065 1341 1080 1362 »
1113 1324 1164 1367 Et
1191 1325 1308 1367 omni
1340 1326 1413 1382 qui
1441 1322 1736 1384 poenitentiam

373 1394 529 1452 egerit,
564 1394 847 1452 lacrymisque
874 1395 1054 1452 propriis
1082 1405 1256 1452 peccata
1279 1395 1516 1448 defleverit,
1541 1398 1652 1440 bene
1672 1397 1738 1440 di-

375 1465 487 1507 citur
508 1479 516 1506 :
543 1482 559 1503 «
575 1464 740 1507 Defecit
759 1465 956 1522 iniquitas
979 1473 1063 1507 tua.
1086 1483 1102 1504 »
1130 1465 1254 1508 Alibi⁴
1269 1482 1440 1524 quoque
1461 1467 1541 1511 suh
1562 1468 1643 1512 hac
1667 1467 1739 1510 lit-

376 1543 464 1577 tera
483 1535 585 1577 dicit
605 1535 836 1578 Hieremias
857 1551 866 1577 ε
896 1536 1034 1579 «Boni
1056 1544 1177 1579 erant
1199 1538 1404 1580 vulnerati
1425 1539 1589 1596 gladio,
1612 1536 1739 1597 quam

375 1606 613 1650 »vulnerati
639 1606 763 1649 same.
802 1606 1010 1650 Abierunt
1039 1609 1285 1666 compuncti
1317 1625 1338 1652 a
1368 1611 1586 1654 nativitate
1604 1624 1740 1669 1agro-

369 1695 393 1723 ν»
409 1676 544 1720 rum³.
568 1696 584 1716 »
609 1676 947 1735 Compungimur
962 1678 1106 1736 igitur,
1124 1681 1294 1736 quando
1313 1688 1556 1725 nostrorum
1580 1681 1740 1740 agimus

376 1747 671 1804 poenitentiam
704 1747 955 1790 delictorum
988 1764 997 1790 :
1030 1750 1361 1809 compungimur
1387 1752 1516 1794 etiam
1545 1753 1742 1795 recorda-

379 1818 493 1860 tione
516 1818 784 1861 delictorum.
809 1820 928 1862 Unde
949 1820 1007 1862 ait
1026 1821 1233 1878 propheta
1255 1821 1389 1864 David
1408 1837 1418 1865 :
1441 1841 1458 1862 α
1475 1823 1581 1877 Quae
1602 1823 1741 1875 dicitis

379 1889 453 1930 »in
487 1889 693 1937 cordibus
719 1888 888 1938 vestris,
931 1890 1040 1933 etin
1077 1891 1288 1935 cubilibus
1317 1892 1464 1935 vestris
1497 1892 1743 1953 compungi-

380 1978 395 1999 »
410 1959 511 2000 mini
527 1958 554 2001 ά.
582 1978 598 1998 »
621 1959 705 2011 Qui
737 1968 876 2002 autem
905 1962 1222 2019 compungitur,
1247 1963 1393 2020 utique
1415 1963 1740 2007 delectationem

378 2030 566 2072 excludit
583 2031 737 2074 erroris
758 2047 768 2073 ε
797 2040 841 2075 et
862 2033 934 2089 qui
957 2033 1042 2091 agit
1062 2034 1378 2090 poenitentiam,
1397 2036 1594 2079 excludit
1609 2037 1743 2094 pudo-

379 2117 468 2143 rem
486 2134 496 2150 ,
517 2111 750 2158 sequestrat
769 2103 1071 2145 verecundiam
1091 2103 1237 2161 flagitii
1269 2104 1526 2156 confitendi,
1550 2114 1599 2149 ut
1614 2107 1762 2149 recu?

377 2174 576 2228 perandae
602 2187 721 2229 spem
746 2173 890 2215 salutis
920 2172 1119 2216 inveniat.
1153 2175 1389 2233 Meritoque
1417 2185 1460 2219 et
1487 2176 1576 2235 ipse
1607 2177 1743 2221 David

377 2243 452 2285 ubi
481 2243 677 2301 coguovit
702 2259 891 2287 errorem
913 2259 922 2286 :
947 2262 963 2283 «
978 2245 1178 2295 Peccavi,
1202 2247 1365 2304 inquit,
1388 2247 1585 2292 Domino.
1606 2249 1740 2292 »Tau-

374 2323 444 2356 tus
467 2330 564 2364 rex,
585 2323 726 2357 tantus
746 2315 957 2373 Propheta
979 2317 1252 2359 non-erubuit
1274 2328 1499 2376 peecatum
1520 2321 1741 2379 proprium

376 2383 596 2434 consiteri3
629 2394 672 2428 et
700 2385 796 2428 ideo
828 2385 990 2430 dictum
1021 2394 1085 2429 est
1114 2387 1183 2429 eie
1216 2389 1302 2432 «Et
1328 2390 1534 2432 Dominus
1571 2390 1742 2435 abstulit

373 2463 625 2512 »peccatum
655 2456 820 2500 tu‘um‘5.
847 2454 863 2497 ᾖ

434 2524 463 2569 V
470 2526 500 2568 Ι.
541 2525 716 2570 Sublato
734 2527 864 2586 igitur
879 2536 1054 2586 peceato
1071 2562 1083 2579 ,
1119 2529 1176 2572 ait
1198 2545 1207 2572 :
1225 2547 1241 2570 «
1262 2529 1585 2576 Jucunditatem
1604 2532 1739 2576 fecisti

420 2635 428 2649 ¹
453 2638 460 2658 ι
483 2622 610 2668 Οῃτ.’ν,
628 2630 658 2664 5.
685 2647 724 2655 —-
753 2639 766 2655 ²
793 2630 916 2664 Thren.
937 2641 964 2670 ι,
984 2642 1016 2673 9,
1036 2641 1087 2664 io.
1102 2650 1143 2657 -—
1164 2635 1179 2656 ³
1206 2633 1259 2668 ld,
1289 2643 1334 2678 iv,
1356 2645 1408 2668 22.
1425 2653 1468 2672 --,
1493 2637 1508 2675 4,
1537 2634 1679 2684 1bid.9.
1699 2653 1740 2667 -

404 2681 486 2725 ΓῇιιΙ,
509 2684 595 2720 1v,5‚.
616 2702 655 2712 -0—
672 2685 686 2708 ⁶
710 2697 726 2717 2
744 2685 899 2734 Reg.x11,
922 2685 971 2725 ιῖζ.
1638 2686 1659 2718 -’
