1800 3236
375 299 461 343 170
720 307 741 310 ⁴-
921 295 954 324 s.
993 292 1186 324 sumansu
1252 316 1257 320 .

371 384 462 422 tare
496 383 831 425 consueverant,
867 384 910 418 et
942 383 1060 418 muta
1096 374 1324 419 animantia
1350 375 1532 420 vinculis
1554 370 1734 437 illigare,

374 447 550 501 Inutiles
588 455 831 497 venatores,
869 445 944 505 qui
982 446 1151 505 capiant
1193 446 1365 496 bestias,
1409 462 1502 505 quae
1535 460 1736 508 pompam

375 520 616 578 spectaculo
645 517 841 578 populari
873 517 1119 576 praeheant,
1151 516 1435 561 ministerium
1474 518 1732 563 crudelitati.

374 591 567 650 Denique
586 592 749 635 nullum
773 589 1010 632 invenimus
1041 588 1083 631 in
1108 588 1344 633 divinarum
1369 590 1475 634 serie
1501 590 1740 650 Scriptura-

378 678 473 706 rum
498 664 550 706 de
566 660 837 705 venatoribus
864 659 1040 718 justum.

436 732 587 777 XLIII.
625 732 680 774 At
700 745 799 774 vero
823 730 901 773 alia
918 730 1083 773 vincula
1102 738 1222 780 sunt,
1239 737 1289 773 ut
1303 731 1401 786 dixi,
1422 731 1595 775 Domini
1615 731 1739 784 Jesu,

379 819 505 862 quem
524 811 759 860 sequuntur
776 834 788 852 ,
811 801 964 859 inqui-t,
990 801 1144 860 alligati
1161 801 1356 852 vinculis,
1380 802 1464 846 hoc
1485 811 1573 853 est,
1598 803 1743 846 vincu-

379 877 431 919 lis
449 875 607 919 astricti
624 875 807 918 charitas
824 883 867 917 et
887 874 1057 924 amoris,
1078 873 1178 917 fidei
1199 874 1378 918 vinculis
1400 873 1598 934 alligati¹.
1624 875 1745 919 Licet

383 946 443 989 sic
465 946 595 1005 possit
619 943 797 1003 intelligi
823 961 832 986 :
858 944 1032 1003 Alligati
1054 945 1233 988 vinculis
1251 945 1467 989 Christum
1489 948 1741 1004 sequuntur,

382 1015 464 1059 hoc
479 1024 558 1065 est,
583 1023 858 1074 peccatorum
880 1024 923 1059 et
946 1015 1172 1061 criminum
1195 1015 1485 1066 remissorem,
1509 1014 1669 1060 sontem
1687 1016 1748 1061 ln·-

384 1086 695 1144 dulgcntiarum
718 1119 729 1136 ,
769 1086 1074 1144 redemptionis
1106 1094 1337 1129 auctorem·
1376 1085 1615 1144 Sequemur
1645 1100 1747 1145 ergo

381 1157 549 1201 vincula
581 1157 737 1201 Christi
765 1191 776 1208 ,
809 1157 1020 1215 fugiamus
1051 1157 1219 1201 vincula
1250 1156 1530 1210 venatorum3
1558 1170 1613 1199 ne
1644 1155 1748 1199 dum

386 1228 621 1271 incedimus
644 1261 654 1278 ,
684 1230 784 1271 dum
818 1229 1062 1287 ignoramus
1080 1262 1092 1279 ,
1121 1229 1292 1286 laqueos
1318 1242 1468 1270 eorum
1493 1242 1567 1286 pes
1595 1235 1750 1270 nostrae

386 1300 538 1342 mentis
562 1299 776 1349 incurrat,
801 1315 881 1342 nec
907 1299 1057 1343 animae
1081 1308 1234 1342 nostrae
1260 1299 1470 1342 cervicem
1494 1297 1672 1341 nexibus
1689 1297 1751 1340 in-

389 1385 588 1413 seramus.
631 1370 890 1420 Insidiantur
921 1370 1035 1415 enim
1072 1370 1191 1429 quasi
1221 1370 1392 1429 pessimi
1423 1377 1680 1413 venatoresx
1708 1376 1752 1411 et

390 1442 558 1499 quando
575 1457 875 1501 prosperorum
892 1450 1047 1491 eventu
1064 1443 1253 1485 animum
1270 1443 1522 1491 relaxamus,
1539 1455 1588 1485 ac
1604 1451 1754 1484 secun-

391 1514 452 1558 dis
492 1515 620 1557 rebus
655 1514 939 1564 remittimus,
976 1529 1055 1557 noc
1089 1506 1288 1557 excubias
1318 1513 1523 1557 cautionis
1548 1513 1755 1556 babemus
1790 1503 1797 1508 ’

389 1586 586 1636 intentas,
600 1595 703 1631 tunc
715 1588 810 1646 plus
819 1587 1164 1645 jactantlaqueos
1174 1601 1286 1637 suos,
1303 1594 1374 1629 aut
1386 1585 1502 1629 invia
1517 1599 1598 1644 qua
1612 1585 1757 1628 ambu-

390 1658 542 1708 lamus,
566 1659 858 1708 abscondunt;
882 1667 930 1702 ut
952 1672 1051 1701 cum
1073 1657 1230 1700 suerint
1250 1667 1399 1700 eorum
1417 1656 1579 1715 laqueis
1605 1656 1757 1699 innexa

393 1729 563 1787 vestigia
585 1762 596 1778 ,
628 1730 798 1774 trahant
822 1744 906 1787 quo
928 1743 1127 1772 securum
1151 1729 1423 1786 supplantent
1445 1726 1629 1770 viantem
1650 1756 1662 1776 ‚
1692 1725 1759 1768 vel

394 1801 502 1843 collo
527 1801 719 1846 astrictos
739 1802 1003 1859 strangulent
1025 1806 1324 1843 commeantes.
1390 1826 1391 1829 =

452 1872 600 1917 XLIV.
637 1872 732 1918 Noli
765 1887 866 1930 ergo
899 1873 981 1915 alta
1016 1870 1237 1913 ambulare
1274 1868 1440 1912 cervice
1463 1900 1475 1919 ,
1515 1868 1626 1912 sicut
1662 1865 1760 1911 filiae

396 1942 539 1992 Judae3
565 1943 656 1986 altis
679 1943 794 1987 enim
816 1942 1052 1986 cervicibus
1078 1941 1162 1984 cito
1194 1941 1370 1998 laqueus
1397 1940 1640 1987 innodatur,
1667 1938 1762 1983 Noli

399 2015 452 2056 ad
483 2014 699 2058 saecularia
726 2022 915 2058 mentem
945 2013 1220 2070 animumque
1243 2011 1458 2071 defigere:
1483 2013 1558 2056 sed
1576 2011 1763 2055 circum-

399 2085 513 2143 spice
534 2086 666 2128 oculis
685 2085 833 2128 animae
855 2084 1100 2143 diligenter,
1121 2084 1218 2142 quia
1239 2083 1347 2141 pluit
1366 2082 1574 2126 Dominus
1590 2071 1763 2140 laqueos

405 2172 532 2215 super
554 2166 832 2216 peccatores;
860 2172 915 2199 ne
944 2156 1143 2199 cadentes
1170 2155 1330 2214 illigare
1362 2163 1406 2197 te
1436 2155 1596 2214 possint
1620 2170 1630 2197 τ
1658 2169 1765 2212 quos

403 2229 561 2287 potoris
582 2229 754 2278 evitare,
780 2228 814 2271 si
829 2229 966 2287 legem
984 2226 1155 2269 Domini
1176 2242 1261 2268 non
1289 2226 1564 2269 obliviscaris.
1593 2226 1764 2269 Etenim

402 2299 529 2343 etiam
560 2301 631 2357 qui
654 2301 806 2358 ligatus
831 2307 917 2351 est,
943 2299 975 2342 si
999 2298 1078 2340 sibi
1103 2298 1156 2340 sit
1176 2298 1370 2340 conscius
1395 2298 1627 2350 libertatis,
1653 2298 1766 2341 obli-

405 2370 508 2414 visci
529 2371 770 2414 libertatem
787 2386 907 2415 suam
922 2381 1008 2413 non
1028 2368 1196 2416 desinit,
1215 2377 1258 2412 et
1269 2383 1439 2412 causam
1457 2370 1767 2428 nonnunquam

407 2442 507 2484 (licit
533 2458 557 2485 e
578 2442 756 2485 vinculis
777 2476 788 2492 ,
817 2457 996 2500 eamque
1019 2441 1099 2493 sibi
1119 2442 1258 2499 legum
1279 2440 1525 2499 praescripto
1548 2440 1765 2491 defendit,

409 2527 457 2555 ac
473 2512 633 2570 judicio
657 2513 900 2570 frequenter
923 2511 1111 2556 absolvit.
1146 2511 1256 2570 Ergo
1278 2518 1320 2553 et
1352 2518 1398 2553 tu
1420 2510 1454 2554 si
1489 2509 1732 2569 peccaveris
1752 2541 1765 2559 ‚

408 2596 573 2626 memor
602 2591 692 2627 esto
714 2585 831 2643 legis.
853 2584 896 2629 Si
914 2582 1176 2643 peccaveriS,
1207 2597 1374 2627 memor
1390 2589 1480 2626 esto
1498 2580 1673 2632 Christi,
1696 2579 1768 2639 qui

448 2677 461 2696 ¹
480 2673 576 2709 Osee.
593 2684 639 2711 xi,
657 2673 691 2713 4.
