1800 3236
391 292 474 351 176
938 310 969 337 s.
1009 308 1200 338 Aunnosn

385 389 486 431 dum
503 419 514 438 ,
549 387 743 445 inquam,
779 396 820 430 et
856 387 1038 430 Domino
1074 387 1490 439 ‘confitendumaesu
1525 386 1752 448 ut‘gratias

348 500 351 506 ,
386 473 494 516 agas.
525 457 776 501 Confitenda
805 458 933 501 etiam
957 458 1048 516 ejus
1079 458 1453 516 judiciaaae'terna3
1479 467 1529 503 ut
1549 460 1755 518 quidquid

387 530 510 573 nobis
531 529 633 572 boni
657 529 837 578 accidit,
863 529 954 587 ejus
971 529 1141 586 justitia:
1160 531 1414 588 deputemus
1435 546 1446 573 ε
1471 546 1519 574 ac
1541 531 1628 574 sive
1648 532 1756 575 divi-

387 607 450 643 tes
477 615 622 642 sumus
637 633 647 648 ,
671 600 756 642 sive
779 600 1003 643 salubriter
1021 601 1207 643 valemus
1220 633 1231 651 ,
1250 601 1294 643 id
1309 601 1480 659 justitiae
1497 602 1668 645 Domini
1681 603 1756 645 de-

388 670 595 719 sera1nus3
621 669 875 728 quia‘justus
892 678 980 721 est,
999 680 1046 714 ut
1068 686 1174 730 opus
1197 675 1320 715 suum
1336 681 1509 716 tueatur
1531 688 1579 717 ac
1601 682 1755 724 servet,

390 751 439 784 ut
462 757 566 799 quos
588 743 725 784 nudos
748 741 936 785 indotata
962 743 1145 800 quadam
1172 753 1333 787 naturae
1352 753 1464 788 sorte
1479 745 1522 789 in
1540 745 1652 788 hanc
1664 760 1759 805 pro·

391 813 493 871 jecit
519 813 706 871 corporis
729 811 1044 864 infirmitatem,
1067 814 1211 872 vigore
1229 815 1382 866 animi,
1401 824 1443 859 et
1460 815 1759 858 misericordiae

392 899 477 926 suae
515 885 613 926 dote
648 899 853 943 pauperes
887 886 1039 927 vestire
1076 885 1287 944 dignetur.
1325 885 1455 938 Quod
1473 886 1622 944 utique
1645 886 1760 928 omni

394 957 602 1013 agendum
627 964 817 1015 tempore
833 956 1103 999 manifestum
1120 965 1183 999 est
1196 973 1207 1006 ;
1222 965 1279 1000 ut
1301 972 1381 1000 nec
1403 957 1493 1008 die,
1519 971 1600 1000 nec
1615 965 1756 1008 nocte,

393 1040 472 1069 nec
501 1027 589 1069 ullo
611 1034 803 1085 tempore
825 1042 844 1069 a
865 1027 1095 1085 gratiarum
1116 1028 1281 1070 actione
1303 1025 1533 1082 debeamus
1550 1043 1712 1072 vacare.

454 1096 563 1140 LIll.
598 1097 809 1155 ⁴Sequitur
837 1114 982 1142 versus
1015 1099 1218 1158 septi-mus
1250 1115 1292 1141 ια
1314 1099 1529 1158 particeps
1560 1088 1639 1158 ego
1669 1114 1762 1144 sum

396 1185 411 1207 n
427 1167 618 1210 omnium
635 1169 873 1212 timentium
891 1178 931 1212 te
944 1203 954 1220 ‚
976 1179 1019 1223 et
1036 1167 1367 1214 custodientium
1383 1171 1583 1214 mandata
1604 1170 1719 1214 tua¹.
1738 1189 1754 1211 n

395 1239 534 1283 Habet
555 1249 598 1282 et
622 1239 813 1282 Christus
833 1241 1061 1300 participes
1086 1250 1211 1299 atque
1232 1243 1451 1285 consortes
1467 1241 1545 1285 sui.
1571 1241 1765 1298 Denique

396 1310 531 1354 David
552 1312 703 1369 probat
724 1311 868 1354 dicens
894 1328 936 1355 :a
961 1313 1087 1356 quit
1106 1322 1146 1356 te
1167 1313 1297 1364 Deus,
1319 1313 1432 1357 Deus
1447 1322 1562 1363 tuus,
1582 1313 1677 1356 oleo
1692 1314 1766 1356 lae-

399 1381 529 1424 »titiae
551 1399 636 1441 prce
667 1384 936 1426 consortibus
967 1383 1050 1426 tuis
1082 1383 1114 1426 ².
1146 1384 1313 1427 »Habet
1346 1384 1572 1443 participes
1596 1383 1764 1432 carnis:

402 1453 498 1510 quia
513 1468 686 1496 carnem
704 1455 890 1512 suscepit
914 1470 922 1497 ε
943 1454 1074 1497 habet
1083 1454 1337 1513 prophetiae3
1357 1449 1766 1513 quia‘«Prophetam,·

401 1541 417 1564 »
431 1523 567 1580 iuquit
583 1557 593 1573 ‚
620 1524 736 1567 vobis
758 1526 979 1568 suscitabit
998 1525 1204 1568 Dominus
1217 1526 1330 1568 Deus
1345 1533 1483 1568 vester
1501 1525 1553 1568 de
1567 1524 1768 1568 fratribus

399 1597 576 1652 nestris
599 1604 890 1654 tanquam·me
916 1613 926 1639 τ
952 1597 1091 1655 ipsum
1108 1597 1285 1639 audietis
1302 1612 1378 1655 per
1395 1596 1533 1640 omnia
1557 1594 1770 1654 quaecum-

400 1682 512 1724 »que
533 1669 732 1724 loquetur
756 1668 888 1710 vobis.
920 1668 1010 1710 Erit
1043 1677 1183 1710 autem
1199 1701 1209 1718 ‚
1243 1668 1379 1711 omnis
1403 1667 1543 1711 anima
1567 1683 1662 1726 quae
1684 1683 1770 1711 non

399 1756 416 1778 n
432 1738 611 1781 audierit
631 1738 885 1796 prophetam
909 1739 1027 1781 illum
1044 1772 1055 1789 ,
1088 1739 1441 1782 exterminabitur
1463 1740 1516 1782 de
1539 1739 1664 1798 plebe
1686 1738 1716 1782 ³.
1743 1757 1760 1779 ι»

400 1807 494 1865 Ipse
516 1817 579 1851 est
599 1823 723 1851 verus
746 1807 958 1866 Propheta
974 1841 984 1858 ,
1009 1809 1081 1866 qui
1112 1809 1201 1852 sine
1229 1809 1401 1853 alterius
1432 1824 1611 1852 munere
1631 1807 1771 1851 futura

402 1878 620 1935 cognoscit
640 1893 648 1920 :
675 1878 746 1935 qui
764 1894 813 1921 ea
837 1894 929 1936 quae
955 1887 1132 1922 ventura
1155 1888 1299 1929 erant,
1323 1881 1492 1922 locutus
1514 1888 1578 1923 est
1599 1880 1642 1922 in
1666 1879 1773 1922 Pro·-

400 1947 554 2005 phetis.
582 1948 735 1991 Annon
765 1957 828 1991 est·
852 1949 1064 2007 Propheta
1082 1982 1092 1999 ‚
1120 1950 1191 2007 qui
1214 1949 1323 1993 ssaoit
1352 1950 1453 1993 alios
1479 1949 1771 2009 prophetare?

401 2018 495 2076 Ipse
534 2027 597 2062 est
633 2019 703 2076 qui
728 2019 896 2062 auditur
929 2020 1038 2063 sicut
1061 2019 1146 2063 Lex
1157 2037 1168 2070 3
1203 2021 1301 2078 quia
1329 2029 1375 2064 et·
1402 2021 1490 2065 Lex
1519 2029 1582 2065 est
1622 2021 1763 2079 ipsius.

400 2087 592 2145 Denique
606 2107 622 2128 (ι
647 2088 690 2132 Si
712 2089 884 2147 Moysen
899 2122 911 2140 ‚
938 2090 1103 2147 inquit,
1133 2099 1176 2134 et
1202 2091 1436 2149 Prophetas
1456 2106 1544 2134 non
1566 2092 1765 2135 audiunt:

402 2172 512 2200 »nec
534 2158 567 2200 si
582 2159 673 2216 quis
690 2175 741 2202 ex
755 2159 933 2203 mortuis
957 2162 1011 2203 ad
1032 2160 1124 2203 illos
1149 2161 1322 2210 abierit,
1352 2163 1529 2204 credent
1553 2161 1584 2205 ⁴.
1615 2180 1631 2202 π
1645 2162 1770 2205 Ideo-

404 2244 486 2286 que
502 2231 682 2288 populus
691 2230 716 2272 J
721 2232 955 2281 umbrorum,
968 2231 1064 2288 quia
1083 2246 1168 2274 non
1186 2232 1344 2275 audivit
1359 2232 1474 2275 hunc
1494 2231 1766 2290 Prophetam4

404 2299 455 2342 de
475 2300 600 2358 plebe
620 2302 922 2345 exterminatus
938 2309 1026 2352 est3
1046 2309 1092 2345 ut
1111 2304 1293 2360 populus
1316 2302 1393 2346 Dei
1415 2317 1506 2346 esse
1526 2303 1736 2359 desineret
1754 2335 1766 2351 ,

402 2371 474 2427 qui
493 2381 588 2415 ante
610 2374 795 2431 populus
805 2373 884 2416 Dei
896 2373 1128 2416 dicebatur.
1152 2374 1291 2417 Habet
1307 2382 1525 2417 consortes
1541 2374 1765 2433 baptismi;

401 2442 497 2498 quia
532 2442 767 2501 baptizatus
792 2459 870 2502 pro
895 2444 1018 2488 nobis
1045 2453 1110 2487 est
1130 2455 1147 2486 't
1174 2444 1303 2487 habet
1326 2453 1546 2488 consortes
1566 2444 1737 2502 justitiae
1752 2461 1764 2494 ;

399 2511 497 2568 quia
515 2512 603 2571 ipsc
625 2513 785 2570 justitia
806 2522 890 2564 est,
909 2522 952 2557 et
974 2514 1097 2557 nobis
1118 2516 1171 2558 de
1192 2530 1267 2557 suo
1281 2514 1395 2557 dedit
1412 2514 1476 2557 sui
1487 2514 1646 2558 habere
1669 2528 1768 2557 con-

413 2624 415 2626 ·
448 2622 456 2636 ¹
478 2611 561 2647 Psal.
578 2625 693 2657 cxvm,
711 2616 764 2650 63.
781 2634 819 2643 -—
841 2623 853 2642 ⁴
873 2616 923 2652 ld.
951 2627 1034 2655 μιν,
1056 2616 1089 2649 8.
1114 2635 1153 2642 -
1176 2617 1188 2639 ³
1213 2617 1310 2651 Deut.
1340 2628 1435 2656 xviii,
1463 2617 1514 2658 18,
1536 2626 1585 2660 19.
1601 2634 1640 2641 —
1657 2617 1671 2644 4
1686 2615 1764 2648 Luc.

400 2677 470 2708 xm,
485 2667 539 2700 51.
