1800 3236
351 270 381 315 8
901 282 932 308 S.
975 276 1162 307 AMBnosn

1475 312 1492 321 ἢ,
1535 310 1540 313 .

353 363 509 423 optima
547 368 759 420 praecepta
790 366 1141 402 testamentorum
1182 364 1354 399 tuorum
1381 369 1523 415 super
1544 355 1716 401 omnem

353 433 636 493 appetentiam
646 446 799 480 cartus
818 439 860 473 et
878 429 1019 472 saeculi
1039 430 1317 499 voluptatem.
1334 427 1584 471 Meminerat
1601 428 1716 475 enim

353 520 399 546 se
421 504 463 546 in
480 503 566 545 Eva
582 509 677 544 ante
699 501 759 543 sie
774 502 956 558 lapsam,
976 486 1080 542 dum
1107 500 1370 556 voluptatem
1401 498 1591 569 corporis
1608 513 1718 558 prae-

352 573 434 616 fert
454 571 660 614 mandatis
692 570 947 613 coelestibus.
983 570 1082 613 Ait.
1115 571 1441 628 «Unguentum
1457 563 1719 613 exinanitum

352 658 539 686 »nomen
567 641 740 691 tuum¹3
769 641 851 684 hoc
882 649 968 691 est,
1010 649 1123 684 totus
1149 640 1381 683 immundis
1402 639 1719 698 impuritatibus

356 713 617 756 diversorum
650 711 888 754 sucinorum
914 711 1088 755 soetebat
1113 710 1183 754 hic
1215 711 1426 754 mundus·
1451 724 1568 753 nunc
1590 710 1721 769 spirat

352 784 511 841 ubique
545 783 724 826 suavitas
755 782 990 841 pudicitiae,
1013 789 1279 841 unguentum
1304 781 1429 832 fidei,
1451 781 1530 825 flos
1550 780 1721 840 integri-

356 854 465 897 tatis.
493 855 546 897 Et
567 869 587 897 a
609 853 839 897 moralibus
857 855 973 897 venit
995 846 1047 897 ad
1060 854 1242 913 mystica
1264 853 1407 896 dicens
1426 868 1436 895 ε
1453 852 1721 896 «Introduxit

360 945 376 964 »
390 940 460 967 me
494 925 583 967 Rex
620 925 664 966 in
703 924 951 967 cubiculum
986 940 1108 967 suum
1129 957 1141 974 ,
1186 925 1422 967 exultemus
1438 953 1441 955 Δ
1456 931 1498 966 et
1529 924 1722 966 laetemur

358 1014 375 1035 »
389 996 430 1037 in
454 1003 495 1037 te
511 1027 522 1043 ‚
557 995 779 1052 diligamus
799 995 931 1037 ubera
965 1003 1038 1038 tua
1065 1010 1191 1053 super
1211 995 1357 1038 vinum
1370 993 1402 1037 ².
1420 1013 1437 1034 ι)
1451 993 1722 1052 Simplexest

358 1066 473 1108 enim
496 1067 687 1108 osculum
707 1098 719 1116 ‚
747 1066 1014 1123 negotiosum
1038 1064 1179 1108 autem
1202 1065 1389 1108 cubiculi
1412 1073 1637 1124 secretum.

415 1133 485 1177 Vl.
511 1135 559 1176 In
583 1135 673 1192 ipso
696 1150 866 1192 quoque
891 1136 1117 1194 Evangelio
1149 1135 1461 1193 pulcherrimus
1482 1136 1536 1177 de
1555 1134 1722 1177 morali-

357 1203 439 1245 bus
460 1204 578 1245 locus
601 1211 685 1253 est3
707 1212 757 1246 ut
783 1206 1074 1263 unusquisque
1093 1221 1164 1248 vas
1185 1221 1310 1248 suum
1342 1206 1523 1248 mundet
1553 1205 1723 1248 dicente

356 1273 572 1321 Domino·
590 1273 825 1318 «Pharisaee
844 1290 971 1325 caece,
986 1277 1145 1319 munda
1157 1276 1274 1334 prius
1296 1277 1411 1333 quod
1430 1275 1543 1319 intus
1567 1284 1631 1319 est
1648 1291 1723 1319 ca·-

357 1361 376 1380 η
390 1342 481 1384 licis
493 1350 535 1384 et
557 1345 813 1422 paropsidis,
832 1345 1016 1388 utfiatet
1028 1346 1073 1388 1d
1084 1345 1308 1404 quod'foris
1321 1354 1413 1395 est,
1428 1341 1680 1389 mundum&
1693 1366 1710 1386 »

361 1411 465 1455 Nam
494 1412 573 1455 nisi
599 1429 643 1456 se
669 1416 958 1473 unusquisque
985 1416 1097 1459 intus
1120 1416 1412 1466 mundaverit,
1436 1410 1602 1460 etiamsi
1622 1416 1723 1459 foris

358 1483 573 1541 speciosus
594 1485 787 1536 videatur
818 1494 861 1528 et
880 1486 1042 1543 justus,
1066 1486 1211 1529 similis
1246 1487 1327 1530 erit
1359 1481 1566 1531 dealbatis
1581 1489 1724 1545 sepul-

358 1553 503 1603 chris;
528 1563 573 1597 ut
594 1555 692 1597 foris
714 1546 886 1612 quidem
918 1557 1055 1621 justus
1071 1557 1291 1607 videatur,
1316 1558 1443 1601 intus
1452 1572 1552 1601 vero
1571 1558 1624 1601 sit
1643 1558 1724 1600 soe-

356 1622 479 1665 tidus.
514 1622 583 1666 Sic
604 1633 668 1667 est
691 1625 884 1668 doctrina
910 1626 1000 1668 sine
1022 1626 1115 1668 vitae
1135 1627 1392 1671 innocentia.
1420 1628 1505 1672 Sed
1526 1641 1607 1671 nec
1633 1627 1723 1686 ipsa

359 1693 552 1735 doctrina
573 1687 712 1752 potest
728 1698 973 1739 mercedem
989 1697 1259 1746 habe1e‚ubi
1286 1692 1463 1757 gratiam
1485 1715 1571 1742 non
1594 1699 1724 1744 habet

359 1763 626 1807 innocentiae.
648 1758 901 1809 «Peccatori
923 1767 1036 1810 enim
1055 1768 1158 1810 dixit
1176 1768 1289 1811 Deus
1314 1785 1324 1811 ε
1351 1771 1495 1822 Quare
1524 1779 1571 1813 tu
1597 1768 1724 1815 enar-

354 1851 372 1872 n
387 1849 452 1876 ras
487 1823 667 1890 justitias
701 1835 917 1878 measw»
945 1837 1029 1880 Sed
1065 1847 1328 1882 revertamur
1369 1842 1422 1884 ad
1456 1842 1722 1900 propositum

354 1902 582 1948 Psalmum.

350 1966 357 1970 ’
413 1972 502 2016 vll.
524 1975 704 2025 «Beati,
728 1976 889 2034 inquit,
916 1978 1175 2023 immaculati
1207 1981 1250 2032 in
1280 1982 1372 2032 via,
1398 1983 1469 2040 qui
1501 1986 1722 2030 ambulant

355 2061 373 2082 n
387 2043 429 2085 in
447 2045 537 2102 lege
557 2045 741 2088 Domini⁸
773 2048 892 2091 Beati
915 2049 986 2105 qui
1010 2059 1253 2094 scrutantur
1274 2054 1515 2098 testimonia
1533 2057 1626 2114 ejus
1640 2091 1652 2108 ,
1677 2058 1721 2101 in

355 2131 374 2153 n
392 2122 482 2156 toto
506 2116 635 2158 corde
666 2118 893 2173 exquirunt
914 2135 1026 2162 eum.
1045 2139 1061 2161 »
1082 2122 1247 2166 Primus
1268 2139 1412 2168 versus
1430 2127 1625 2178 moralis,
1653 2143 1722 2171 se-

356 2184 525 2225 cundus
547 2185 766 2241 mysticus.
793 2187 898 2238 Quis
912 2189 995 2231 hoc
1014 2190 1145 2232 dicit?
1160 2191 1369 2250 Propheta
1387 2196 1626 2256 utique(5),
1646 2199 1719 2257 qui

350 2252 607 2309 fungebatur
624 2255 762 2297 carnis
786 2258 995 2314 alloquio,
1014 2267 1056 2302 et
1073 2261 1269 2305 dicithoc
1282 2272 1375 2321 post
1385 2280 1484 2308 eum
1505 2267 1719 2328 Psalmum

352 2336 439 2378 quo
473 2324 680 2382 descripta
702 2335 765 2368 est
796 2328 967 2371 Domini
990 2331 1131 2373 nostri
1142 2331 1246 2374 Jesu
1280 2334 1435 2378 Christi
1457 2337 1608 2394 passio.
1637 2338 1718 2382 Ubi

345 2407 397 2433 e1
400 2407 451 2449 go
465 2402 507 2436 et
519 2394 658 2438 divina
672 2408 932 2442 sacramenta
949 2403 1130 2445 revelata
1147 2412 1267 2453 sunt,
1291 2414 1333 2448 ct
1345 2406 1484 2450 induit
1493 2398 1716 2454 dominicae

342 2464 676 2507 resurrectionis
698 2467 904 2516 laetitiam,
939 2478 982 2513 et
1012 2473 1215 2529 passionis
1246 2476 1482 2535 degustavi-t
1511 2480 1713 2538 gratiam:

334 2531 474 2578 vidit
462 2534 701 2591 justorum
729 2542 1100 2600 congregationes,
1140 2548 1321 2606 populos
1362 2547 1713 2634 redemptorumg,

376 2626 513 2662 «Cant.
531 2641 561 2668 ι,
582 2641 614 2665 2.
629 2648 669 2656 —
687 2632 806 2668 21bid.
820 2633 853 2672 5.
872 2654 912 2662 --
928 2637 1189 2682 ³Matth.xu11,
1206 2643 1259 2679 26
1276 2625 1447 2682 -⁴Psal.
1468 2656 1556 2688 xux,
1612 2638 1614 2640 V
