1800 3236
360 339 447 397 394
908 351 939 379 s.
979 351 1170 381 AMBROSH

356 432 510 490 quibus
550 432 602 475 ad
638 439 793 475 terram
829 430 1166 490 iepiomissionis
1204 444 1289 472 non
1321 429 1443 473 licuit
1468 412 1725 496 pervenit-'ei'

358 503 630 560 Quicumque
651 503 764 545 enim
787 502 981 545 eximunt
1006 503 1060 544 de
1088 502 1168 544 AEtr
1143 498 1300 560 gypto,
1328 501 1548 559 perierunt
1577 501 1620 544 in
1649 503 1726 545 de·-

357 586 482 620 serto.
504 576 694 621 Mortuus
716 581 778 616 est
802 573 968 623 Aaron,
993 581 1161 615 mortua
1183 580 1247 615 est
1269 572 1422 622 Maria,
1447 580 1641 615 mortuus
1661 581 1726 616 est

356 647 502 706 etipse
519 646 706 704 Moyses:
722 645 856 686 solum
874 643 1028 686 Jesuu}
1040 644 1154 688 Nave
1171 643 1352 686 nominis
1369 643 1476 686 sacri
1492 632 1724 686 similitudo

356 718 548 762 servavit.
579 718 757 760 Plaudat
784 715 989 767 Judaeus;
1023 717 1121 773 quia
1151 715 1310 758 sitienti
1345 715 1403 758 illi
1439 716 1600 758 undam
1628 729 1726 758 saxa
1763 767 1765 770 v

354 797 611 832 vomuerunt
638 802 648 830 ε
680 786 786 829 mihi
815 787 867 829 de
903 801 1083 845 corpore
1115 786 1192 828 Dei
1220 785 1313 828 sons
1335 784 1475 828 fluxit
1509 784 1721 832 aeternus':

355 875 470 904 meas
502 858 803 902 amaritudines
838 857 945 900 bibit
975 858 1168 900 Christus
1189 890 1200 908 ,
1234 865 1281 899 ut
1303 857 1414 900 mihi
1438 871 1533 900 suas
1549 858 1727 913 donaret

356 933 499 991 gratie
521 931 787 975 suavitatem.
1730 928 1734 933 '

415 1003 560 1047 XXX.
597 1004 710 1047 Dicit
741 1018 842 1061 ergo
874 1002 1058 1061 populus
1086 1001 1372 1045 christianus:
1399 1019 1415 1042 ι
1439 984 1617 1045 ‘Iuvenis'
1646 1015 1726 1060 ego

355 1093 371 1116 ιι
385 1090 495 1124 sum,
516 1083 559 1118 et
579 1077 830 1133 despectus:
852 1073 1175 1131 justificationes
1191 1082 1284 1116 tuas
1297 1087 1382 1115 uon
1399 1088 1494 1116 sum
1509 1071 1714 1116 oblitus.»

352 1145 468 1188 Bene
491 1146 574 1189 hoc
609 1145 737 1195 dicit,
765 1145 838 1203 qui
860 1143 1105 1203 justificavit
1134 1145 1270 1187 Deum
1301 1143 1564 1203 baptismatis
1591 1156 1728 1187 sacra-

353 1216 519 1259 mentis.
560 1216 646 1268 Qui
667 1216 780 1258 enim
810 1215 1075 1274 baptizatur,
1100 1214 1304 1272 justificat
1330 1216 1489 1266 Deumg
1514 1215 1610 1273 quia
1633 1226 1729 1274 pee-

354 1295 445 1329 cata
470 1286 640 1345 propria
663 1286 913 1335 confitetur,
937 1294 980 1329 et
1010 1302 1030 1328 a
1053 1286 1237 1328 Domino
1260 1301 1433 1328 suorum
1461 1286 1728 1345 proestolatur

356 1357 664 1415 indulgentiam
700 1354 988 1415 pcccatorum.
1031 1356 1292 1400 Justificavit
1333 1355 1465 1399 David
1486 1389 1498 1407 ,
1530 1360 1606 1415 qui
1636 1356 1723 1399 ait:

363 1445 380 1466 «
391 1428 487 1472 Tibi
500 1429 575 1470 soli
588 1428 774 1486 peccavi,
789 1436 835 1470 et
850 1429 1008 1469 malum
1022 1442 1167 1470 coram
1184 1436 1224 1470 te
1241 1428 1320 1470 feci
1337 1436 1385 1471 ut
1397 1444 1408 1477 3
1420 1426 1662 1485 justificeris
1682 1427 1726 1470 in

354 1500 651 1542 »sermonibus
684 1499 764 1542 tuis
789 1499 821 1542 ¹.
853 1518 869 1539 »
891 1499 985 1543 Non
1015 1499 1358 1558 justificaverunt
1391 1498 1623 1550 Pharisaei,
1653 1498 1727 1558 qui

350 1570 557 1629 baptizari
594 1569 769 1613 Joannis
799 1570 1013 1628 baptismo
1051 1572 1283 1613 noluerunt
1303 1604 1314 1621 ‚
1349 1578 1394 1613 ut
1425 1570 1468 1612 in
1498 1568 1730 1629 Evangelio>

351 1643 487 1701 legisti
503 1641 531 1685 ².
555 1642 641 1685 Nec
660 1637 796 1684 solum
813 1641 1048 1699 jitstificare
1066 1643 1164 1685 satis
1185 1651 1264 1692 est,
1280 1642 1500 1686 sedetiam
1521 1656 1606 1685 non
1624 1642 1748 1694 obli--l

353 1714 451 1756 visci
469 1711 822 1770 justificationum
847 1713 939 1762 Dei,
965 1713 1007 1755 id
1028 1722 1107 1762 est,
1125 1723 1172 1757 ut
1195 1713 1445 1757 intemerata
1469 1714 1613 1772 gratiae
1639 1714 1727 1772 spi-

353 1783 485 1826 ritalis
503 1784 613 1826 dona
637 1785 863 1833 custodiat,
883 1791 925 1826 et
941 1799 1072 1827 sacrae
1094 1784 1353 1828 remissionis
1371 1798 1548 1827 munera
1566 1782 1730 1828 illibata-

354 1863 478 1912 atque
497 1854 702 1898 inoffensa
725 1864 964 1898 conservet.

409 1924 575 1967 XXXI.
613 1925 712 1968 Haee
747 1926 996 1985 generalia:
1038 1928 1113 1971 sed
1149 1927 1278 1970 etiam
1320 1927 1514 1986 specialis
1551 1924 1729 1986 singulis

355 1994 601 2038 Christianis
629 1997 814 2055 suppetit
843 2000 1122 2078 praerogativa
1155 1999 1355 2041 dicendi:
1388 2016 1404 2039 α
1433 1998 1610 2042 Juvonis
1646 2012 1728 2058 ego

355 2081 500 2116 nsum,
525 2076 567 2109 et
591 2068 838 2125 despectus;
866 2070 928 2111 »si
953 2069 1124 2112 humilis
1153 2072 1282 2113 corde
1303 2070 1381 2121 sit,
1405 2070 1438 2113 si
1461 2070 1575 2114 mitis
1597 2079 1726 2129 atque

354 2145 612 2181 mansuetus.
640 2138 763 2182 Dicat
780 2154 906 2198 erzgo
923 2158 938 2179 α
956 2140 1129 2183 Juvenis
1147 2156 1224 2199 ego
1246 2156 1356 2190 sum,
1377 2149 1420 2184 et
1437 2142 1715 2199 despectus.»

357 2207 590 2251 Praemittat
621 2210 755 2252 aetatis
786 2213 1024 2268 generalem
1054 2211 1328 2270 jactantiam,
1363 2227 1448 2270 quo
1478 2213 1573 2271 plus
1603 2226 1727 2255 com-

354 2282 528 2324 mendet
555 2282 803 2333 humilitatis
831 2299 914 2326 suae
938 2284 1129 2342 gratiam.
1160 2284 1254 2327 Non
1278 2284 1481 2327 mirabilis
1507 2284 1726 2327 humilitas

352 2351 395 2394 in
418 2361 654 2403 senectute,
679 2369 771 2411 quae
794 2353 934 2397 ess'oeta
953 2355 1124 2404 viribus,
1148 2355 1278 2414 fracta
1303 2355 1608 2405 debilitatibus,
1632 2355 1726 2398 tris-

356 2421 407 2465 tis
432 2422 670 2472 doloribus,
697 2425 845 2467 anhela
867 2425 1054 2484 suspiriis
1069 2458 1079 2474 ,
1100 2434 1218 2468 cocta
1242 2441 1441 2482 curarum
1458 2427 1629 2470 aestibus
1644 2454 1656 2477 ,
1681 2422 1726 2470 et

355 2493 446 2550 ipso
469 2494 634 2536 vivendi
658 2505 806 2538 moesta
828 2497 1018 2550 fastidio,
1042 2499 1302 2540 alacritatem
1324 2508 1387 2541 est
1408 2499 1539 2541 oblita
1565 2498 1725 2556 jactam

356 2565 434 2606 tim.
456 2565 565 2607 Rara
579 2580 679 2608 sane
691 2566 733 2608 in
748 2566 973 2624 juvenibus
995 2576 1059 2610 est
1071 2568 1300 2619 humilitas,
1315 2569 1495 2627 ideoque
1509 2569 1713 2613 miranda.

355 2633 467 2676 Dum
489 2643 588 2677 aetas
606 2635 740 2694 viget,
762 2639 864 2680 dum
885 2638 991 2681 vires
1008 2637 1153 2682 solidae
1167 2672 1179 2691 ‚
1199 2640 1491 2698 dumssanguis
1502 2646 1719 2690 exaestnat,

400 2733 409 2748 ¹
444 2724 527 2759 Psal.
558 2736 601 2765 ι,
627 2726 662 2761 6.
686 2745 727 2754 -—
748 2738 761 2754 ·
792 2729 873 2764 Luc.
904 2739 972 2769 vu,
1001 2729 1054 2764 30.
