1800 3236
24 2977 35 2987 .
22 2857 30 2863 .

430 286 648 322 nxroslrxo
679 285 724 325 ια
754 284 942 318 rsuuw
974 285 1117 316 cxvm.
1390 285 1448 331 9²

82 368 334 433 ‚unaeram
350 381 518 428 semper
530 400 542 420 ,
556 385 573 407 ι
586 366 678 427 sine
697 363 782 410 fine
814 349 919 411 dicit
939 367 1031 410 esse
1054 365 1345 425 quaerendum.
1368 364 1455 417 Sed

80 435 179 506 'lion
190 438 288 484 satis
298 447 363 482 est
380 452 594 500 quaerere,
610 436 691 481 nisi
713 435 919 496 intelligas
939 437 1056 495 quod
1076 435 1282 495 requiris,

147 507 312 576 xxm.
338 507 523 567 Ideoque
545 506 623 551 ait:
640 525 658 547 α
674 506 738 551 Da
754 507 858 550 mihi
877 508 1162 558 intellectum.
1192 515 1236 551 et
1260 521 1457 566 perscru-

92 575 248 635 »ta'bor
256 578 413 640 Legem
423 588 557 630 tuam,
567 587 610 622 et
618 577 856 622 custodiam
867 578 983 622 illam
996 578 1037 621 in
1049 587 1139 623 toto
1147 577 1278 623 cordo
1287 577 1402 623 lne0¹
1410 609 1421 629 ,
1429 596 1446 620 ι

86 647 384 716 'quaerendum
413 649 599 713 primum
617 662 631 703 ‚·
661 648 813 693 deinde
842 648 1164 707 intelligendum
1190 656 1460 709 perscrutan-

84 719 284 783 dumque
302 722 408 785 legis
426 737 555 767 omne
569 720 843 785 mysterium,
855 720 953 765 etin
964 721 1094 766 corde
1111 721 1452 767 custodiendum.

96 793 204 849 Quis
213 792 357 838 antein
373 799 514 855 potest
523 792 738 836 custodire
746 790 1102 852 LegemDei,uis1
1090 791 1379 836 intellectum
1395 805 1462 836 ae-

89 855 287 929 ceperit?
306 864 392 918 Qui
405 873 548 907 autem
565 862 763 922 intelligit
774 871 818 906 et
837 870 1071 918 scrutatur,
1085 863 1344 907 scrutando
1333 878 1376 909 m
1393 877 1462 907 εο-

91 933 242 980 mitam
264 934 563 978 mandatorum
585 934 823 977 deducitur.
849 934 898 976 In
919 948 1005 991 quo
1027 933 1134 977 illud
1149 933 1459 979 advertendum

94 1001 193 1065 quia
212 1000 281 1052 Iex
296 1013 361 1048 est
379 1003 562 1063 justitia,
588 1005 839 1048 mandatum
865 1002 1073 1062 judicium
1085 1037 1097 1053 ,
1120 1003 1231 1046 sicut
1250 1011 1294 1046 et
1313 1003 1358 1047 in
1378 1002 1460 1046 liac

94 1076 235 1122 littera
255 1075 449 1136 legimus.
478 1075 554 1121 Est
573 1074 696 1134 Legis
714 1074 780 1117 via
811 1083 923 1117 stare
946 1073 989 1116 in
1013 1073 1097 1116 viis
1110 1071 1234 1133 Legis
1257 1087 1269 1115 ε
1297 1080 1362 1116 cat
1395 1072 1462 1115 via

94 1146 321 1207 iustior-um
340 1146 575 1194 secundum
596 1145 785 1205 primum
810 1144 1080 1187 versiculum.
1103 1143 1182 1187 -Est
1201 1158 1303 1203 ergo
1319 1150 1364 1187 et
1384 1150 1464 1187 tes-

12 1212 39 1225 ⁹
96 1217 372 1263 timontomm
394 1217 459 1261 via
475 1232 486 1259 ε
502 1234 519 1256 ι
543 1217 593 1259 In
616 1216 682 1259 via
708 1214 1047 1259 testimoniorum
1075 1222 1250 1259 tuorum
1275 1213 1466 1258 delecta-

92 1295 115 1331 ὼ·
124 1289 242 1333 liar.»
253 1286 328 1334 Est
338 1294 387 1332 et
397 1287 460 1334 via
470 1285 770 1331 mandatorum
787 1301 803 1347 ε,
813 1304 830 1324 ι
842 1284 963 1329 Viam
974 1285 1277 1329 mandatorum
1292 1291 1465 1328 tuorum

94 1360 312 1410 »cucurri
333 1359 676 1418 »Interrogemus
697 1372 798 1416 ergo
817 1357 893 1400 has
915 1356 1027 1407 vias,
1050 1365 1099 1401 ut
1124 1355 1293 1401 dicatur
1314 1354 1461 1400 nohis:

109 1427 301 1481 «State
288 1446 332 1475 m
357 1430 434 1474 viis
462 1429 610 1489 Legis,
639 1437 684 1472 et
717 1429 978 1486 interrogate
998 1427 1168 1471 semitas
1188 1435 1401 1478 aeternas,
1420 1434 1465 1471 ot

97 1522 116 1546 ι
128 1502 269 1554 videte
286 1518 381 1560 quae
402 1501 466 1546 via
484 1497 661 1550 melior,
684 1509 728 1544 et
743 1499 990 1543 ambulate'
978 1515 1021 1542 m
1038 1498 1112 1542 ea²
1156 1517 1174 1538 ι
1188 1498 1300 1542 Cum
1314 1512 1464 1543 omnes

98 1573 228 1638 igitur
240 1573 598 1617 ambulaverimus
608 1571 718 1622 vias,
728 1570 960 1615 veniemus
970 1569 1014 1612 in
1029 1569 1221 1629 omnium
1235 1567 1369 1612 finem
1384 1568 1469 1614 via-

100 1660 222 1699 rum,
240 1643 313 1704 qui
327 1643 404 1688 ait:
420 1662 437 1684 ι
453 1644 543 1703 Ego
562 1658 658 1686 sum
678 1640 770 1686 via'
777 1673 787 1684 .
809 1661 827 1682 ι
841 1641 1034 1685 Christus
1046 1656 1147 1699 ergo
1160 1638 1255 1684 finis
1273 1639 1463 1683 viarum·
1450 1671 1463 1691 ,

112 1716 239 1779 «Ipse
259 1715 375 1762 enim
388 1723 452 1758 cst
472 1713 567 1758 finis
588 1713 712 1774 Legis
733 1715 788 1757 ad
801 1706 1008 1772 justitiam
1036 1711 1154 1755 omni
1178 1708 1416 1755 credenti&
1441 1727 1459 1750 ι

100 1788 211 1841 Hinc
231 1788 367 1831 audeo
382 1786 525 1830 dicere
545 1786 644 1847 quia
664 1784 759 1828 finis
783 1783 1044 1842 justitiarum
1069 1781 1288 1832 Christus,
1310 1780 1383 1839 qui
1404 1788 1470 1824 est

101 1857 285 1919 justitia&
309 1854 404 1901 finis
419 1856 759 1901 testimoniorum
784 1853 978 1898 Christus
994 1887 1006 1903 ,
1025 1854 1078 1897 ‹le
1097 1867 1183 1912 quo
1197 1852 1467 1907 dictumest:

115 1948 133 1971 ι
145 1930 292 1994 Estote
310 1927 415 1972 mihi
440 1920 588 1979 testes,
611 1935 655 1970 et
671 1942 750 1987 ego
766 1925 910 1976 testis,
936 1923 1040 1968 dicit
1058 1922 1291 1973 Dominus,
1307 1930 1350 1965 et
1367 1937 1475 1982 puer

104 2019 123 2043 ι
124 2016 255 2071 meus
271 1993 399 2059 quem
414 1998 568 2058 elegi&
590 2017 608 2039 ι

255 2070 326 2116 IV.
350 2069 620 2114 Advertimus
635 2067 763 2127 igitur
792 2073 999 2125 quantam
1021 2063 1144 2108 uobis
1165 2063 1471 2109 ambulandum

107 2141 182 2193 sit,
206 2149 255 2185 ut
271 2141 487 2184 veniamus
501 2139 555 2183 ad
574 2138 806 2183 Christum.
828 2133 1175 2180 Ambulandum
1163 2149 1207 2177 m
1221 2133 1360 2193 Lege;
1374 2133 1473 2193 quia

107 2204 205 2257 {inis
220 2212 345 2272 Legis
362 2210 553 2254 Christus
573 2217 649 2252 est.
676 2207 778 2252 Sine
792 2206 907 2266 Lege
926 2220 1027 2263 ergo
1045 2220 1133 2248 non
1150 2204 1399 2263 pervenitur
1419 2204 1474 2248 ad

109 2283 340 2328 Christum.
367 2281 487 2325 Unde
500 2279 771 2324 manifestum
784 2286 849 2321 est
865 2277 983 2334 quod
973 2239 1214 2323 t>haeretici,
1227 2289 1300 2333 qux
1289 2274 1471 2332 'Legem

109 2353 273 2401 Veteris
292 2368 379 2398 non
391 2351 607 2411 accipiunt
624 2348 910 2398 Testamenti,
930 2350 976 2389 et
989 2345 1023 2388 si
1041 2345 1186 2388 dicant
1202 2344 1319 2403 quod
1336 2342 1477 2387 Chris-

110 2422 205 2471 vtum
220 2431 392 2469 teneant
402 2441 415 2473 ;
439 2423 582 2468 tamen
597 2419 858 2479 nonpossint
878 2427 1023 2461 tenere
1044 2415 1198 2464 finem,
1217 2415 1290 2474 qui
1312 2414 1479 2458 initium

110 2482 199 2541 lion
223 2494 451 2551 tenuerint.
475 2492 570 2552 Ipse
588 2491 713 2535 Jesus
728 2499 794 2535 est
814 2489 983 2533 initium
1002 2495 1046 2530 et
1066 2483 1174 2530 finis.
1198 2483 1479 2545 Oportetigi·

162 2607 174 2622 ¹
189 2597 276 2630 Psal.
288 2606 406 2635 enin,
424 2595 481 2635 34.
492 2614 533 2623 —-
548 2605 561 2621 ⁸
578 2595 705 2629 Jerem.
718 2604 770 2633 vi,
788 2593 838 2628 16.
858 2610 900 2618 -
914 2592 927 2615 ³
945 2591 1044 2625 loan.
1060 2599 1131 2631 xw,
1143 2588 1176 2623 6.
1195 2606 1238 2614 -
1255 2589 1270 2616 ⁴
1285 2569 1383 2623 Βοὴ.
1397 2598 1431 2629 x.
1442 2587 1477 2628 6·

113 2668 156 2700 .-
169 2652 187 2677 ⁸
202 2651 281 2686 lut.
297 2659 394 2691 xun,
413 2659 465 2683 ιο.
