1800 3236
344 287 425 331 188
467 338 469 341 Ι
882 280 922 329 ἐ.
962 300 1153 330 Aiinnosu

333 388 476 439 petere
493 380 619 424 etiam
636 378 855 424 scientiam
874 380 1029 424 doceri.
1053 380 1139 425 Nisi
1157 380 1268 424 enim
1287 381 1443 426 habeat
1460 379 1698 436 scientiamss

335 454 509 495 molesta
527 461 589 495 est
606 451 843 510 disciplina,
862 453 1036 495 molesta
1057 452 1281 511 correptio.
1304 453 1420 506 Quid
1436 454 1489 497 sit
1508 450 1699 505 scientia,
1760 464 1763 466 '

338 523 487 566 doceat
507 532 549 566 te
571 523 788 572 Salomon,
816 523 890 580 qui
913 523 970 566 ait
993 524 1046 566 de
1065 523 1249 566 Domino
1270 524 1359 567 Deo
1382 516 1554 568 nostro:
1573 543 1588 566 α
1605 526 1704 586 Ipse

337 593 479 636 »enim
503 593 606 636 mihi
629 593 745 637 dedit
764 608 913 637 eorum
935 609 1028 652 quae
1049 602 1147 637 sunt
1166 594 1450 652 cognitionem
1474 611 1614 639 veram
1636 595 1693 640 ’.ὴ

336 664 389 706 Et
405 663 503 706 alibi
521 664 590 706 hic
608 664 720 707 idem
735 664 945 723 Propheta
963 664 1019 707 ait
1034 680 1044 707 ε
1062 683 1078 704 ι(
1090 665 1175 717 Qui
1195 666 1319 708 docet
1337 665 1554 709 hominem
1573 667 1706 710 scien·

339 752 356 774 u
372 733 509 777 tiam².
530 752 544 773 n
560 734 645 786 Qui
667 741 808 777 autem
830 735 935 794 petit
957 735 1194 785 scientiam,
1219 736 1356 779 credit
1376 737 1589 780 mandatis
1609 737 1702 780 Dei.

397 804 494 848 XII.
530 804 659 847 Aliud
679 813 744 848 cst
770 813 914 848 autem
945 805 988 848 in
1013 806 1221 849 mandatis
1248 806 1325 849 Dei
1356 807 1559 857 credere,
1596 806 1709 850 aliud

339 874 545 917 mandatis
561 876 747 918 credere.
767 875 852 928 Qui
873 875 987 918 enim
1009 877 1219 919 mandatis
1239 876 1317 919 Dei
1341 877 1503 926 credin
1517 877 1603 920 cito
1619 877 1710 920 'effi-

341 945 398 987 cit
414 953 459 988 ut
472 945 524 989 sit
537 946 579 988 in
596 947 803 989 mandalis
816 946 910 996 Dei,
928 955 971 989 et
987 947 1030 989 in
1046 947 1146 1006 ipsis
1164 956 1456 991 conversetur.
1478 948 1559 991 Per
1580 948 1709 992 fidem

340 1016 467 1074 igitur
491 1017 664 1061 scientia
689 1017 934 1067 assumitur,
957 1034 1034 1077 per
1063 1019 1283 1062 scientiam
1314 1019 1551 1078 disciplina.
1583 1020 1713 1072 Quod

340 1088 454 1131 enim
476 1089 633 1131 scimus
653 1091 823 1148 placere
843 1090 933 1132 Deo
954 1105 1092 1147 posse,
1118 1090 1160 1133 in
1177 1106 1227 1133 eo
1245 1106 1321 1133 nos
1338 1089 1607 1134 cenversatio
1622 1089 1712 1148 ipsa

343 1160 540 1203 delectat.
568 1161 759 1217 Denique
782 1160 988 1217 scriptum
1009 1170 1073 1204 est
1093 1177 1102 1203 :
1120 1179 1136 1201 α
1151 1162 1300 1205 Nostra
1328 1170 1468 1204 autem
1492 1157 1715 1204 conversa—

344 1248 360 1271 »
376 1231 432 1273 tio
459 1231 501 1273 in
524 1231 639 1274 coelis
660 1230 761 1273 est³.
781 1249 796 1271 n
811 1231 1027 1274 Praecessit
1049 1232 1222 1275 scientia
1239 1265 1248 1280 ‚
1278 1241 1422 1275 secuta
1446 1240 1509 1275 est
1534 1247 1715 1275 conver-

343 1300 462 1343 satio.
483 1301 544 1343 Dc
561 1301 769 1344 mandatis
787 1301 861 1343 Dei
877 1302 1051 1344 credere
1070 1302 1263 1345 diximus²
1283 1303 1331 1344 In
1347 1302 1556 1345 mandatis
1573 1310 1717 1354 autem

343 1373 420 1415 Dei
447 1374 634 1423 credere,
666 1373 746 1415 hoc
777 1380 855 1420 est,
885 1371 927 1414 in
955 1371 1054 1431 ipsis
1081 1390 1186 1423 esse,
1219 1372 1263 1417 et
1287 1374 1463 1417 credere
1491 1373 1590 1431 quia
1618 1388 1717 1416 vera

345 1444 544 1485 mandata
566 1451 676 1486 sunt.
708 1442 795 1486 Nisi
822 1442 936 1484 enim
958 1444 1189 1487 credideris
1209 1445 1418 1487 mandatis
1440 1444 1543 1494 Dei,
1567 1458 1718 1487 eorum

350 1513 496 1571 utique
517 1514 750 1564 scientiam,
778 1528 870 1571 quae
894 1528 969 1571 per
992 1516 1190 1558 mandata
1213 1515 1288 1558 Dei
1313 1516 1534 1563 docemur,
1560 1514 1719 1557 habere

348 1601 433 1629 non
457 1586 631 1644 poteris,
1213 1576 1220 1581 ⁵

410 1656 529 1700 ΧΙΙΙ.
567 1657 768 1715 Sequitur
791 1674 935 1702 versus
959 1660 1130 1703 tertius:
1148 1658 1296 1701 «Prius
1321 1656 1448 1715 quam
1473 1656 1721 1699 humiliarer

351 1740 460 1784 »ego
485 1727 669 1785 deliqui:
695 1738 868 1788 propter
892 1731 975 1774 hoc
993 1731 1170 1774 verbum
1187 1738 1308 1772 tuum
1326 1744 1404 1787 ego
1422 1726 1670 1771 custodivi⁶.
1693 1746 1710 1767 ιι

350 1797 444 1841 Alia
465 1799 593 1842 editio
616 1800 745 1843 habet
762 1816 771 1842 :
790 1802 941 1844 «Prius
965 1816 1091 1859 quam
1114 1800 1379 1848 humiliarer,
1403 1813 1481 1857 ego
1499 1796 1672 1841 nescivi.
1694 1816 1712 1837 »

354 1870 474 1912 Unde
504 1878 657 1927 putant
689 1871 815 1928 aliqui
842 1874 958 1929 quod
983 1871 1166 1914 hominis
1192 1871 1330 1913 anima
1350 1870 1434 1912 hoc
1456 1868 1683 1927 dicat-(58)
1708 1883 1718 1911 ε

351 1939 470 1983 Prius
485 1955 612 1997 quam
629 1931 892 1992 humiliarer,
908 1951 955 1985 ut
968 1942 1010 1984 in
1022 1942 1103 1985 hoc
1118 1943 1257 1984 lutum
1271 1939 1461 1998 corporis
1481 1935 1719 1987 introirem,

356 2017 426 2052 tua
450 2025 540 2067 quae
563 2026 649 2053 non
670 2013 871 2070 legeram,
894 2015 1094 2056 mandata
1118 2012 1287 2055 nescivi.
1315 2010 1399 2059 Sed
1419 2010 1518 2067 quia
1541 2009 1724 2067 Septua-

354 2081 466 2139 ginta
499 2082 686 2126 virorum
717 2085 943 2126 sententias
975 2084 1106 2141 magis
1138 2083 1329 2140 sequitur
1350 2080 1562 2130 Ecclesia,
1587 2078 1725 2124 ethic

354 2167 500 2196 sensus
521 2161 586 2196 est
607 2154 786 2211 planior,
806 2163 848 2197 et
863 2154 971 2197 nihil
989 2153 1233 2196 offensionis
1257 2152 1456 2201 admittit,
1485 2152 1602 2209 quod
1624 2165 1726 2209 pos-
1777 2146 1779 2149 ¹

357 2224 411 2266 sit
448 2224 657 2282 aliquibus
692 2227 939 2284 scrupulum
976 2240 1274 2273 commovere3
1309 2224 1404 2266 ideo
1435 2223 1693 2281 accipiamus
1713 2253 1724 2270 ‚

319 2300 330 2306 ’χ
371 2297 668 2345 «Humiliarer,
683 2297 768 2339 »ita
787 2297 966 2346 (lictum,
985 2312 1035 2339 eo
1054 2297 1170 2354 quod
1186 2303 1360 2355 peccato
1382 2295 1575 2337 videatur
1593 2293 1728 2337 humi-

358 2367 496 2422 liatus.
513 2368 691 2425 Propter
705 2377 930 2427 peccatum
947 2367 1060 2410 enim
1077 2367 1329 2410 tentationes
1346 2381 1456 2424 saepe
1474 2374 1724 2408 nascuntur.

359 2438 552 2495 Denique
578 2438 713 2481 Adam
739 2448 781 2481 et
810 2440 895 2481 Eva
922 2447 1016 2497 post
1043 2439 1212 2495 culpam
1234 2437 1380 2494 utique
1401 2436 1557 2494 dejecti
1583 2436 1720 2479 sunt⁵.

358 2508 471 2566 ,Ergo
490 2508 739 2553 humilitatis
764 2517 919 2552 nostrae
941 2524 1065 2552 causa
1087 2516 1312 2567 peccatum
1334 2515 1413 2556 est,
1439 2508 1505 2550 vol
1526 2506 1730 2550 humilia-

356 2635 372 2642 ,ψ
413 2621 422 2641 ⁸
443 2613 604 2658 Sap.rv·1,
624 2624 674 2657 17.
688 2631 728 2645 m
743 2622 756 2640 ²
775 2615 857 2648 Psal.
880 2625 976 2653 xcm,
999 2625 1048 2654 ιο,
1062 2633 1100 2642 -ν
1115 2616 1129 2642 ³
1145 2613 1264 2663 Philip.
1282 2625 1339 2655 ιιι,
1361 2624 1413 2651 no.
1426 2614 1499 2657 *⁷⁴
1515 2612 1598 2647 Psal.
1615 2621 1732 2655 cxviii,

367 2668 419 2718 67.
442 2686 482 2696 --
502 2670 513 2690 ⁵
531 2668 615 2704 Gen.
633 2681 686 2711 ui,
705 2667 757 2709 αἱ.
