1800 3236
506 317 723 346 exrosrrm
754 315 795 345 iu
831 316 1016 345 rsuutn
1049 318 1191 347 cxviii.
1441 308 1527 359 405

168 388 312 439 terum
336 410 348 438 ε
370 398 499 452 quam
534 399 679 453 aperte
715 393 1087 452 congregationem
1120 394 1307 438 suturam
1338 396 1528 454 gentium

125 485 130 490 ·
169 467 430 510 declaravit!
462 466 571 509 Hinc
613 466 718 508 illud
746 465 1027 523 apostolicum
1054 482 1065 508 ε
1098 483 1115 507 ι
1137 466 1250 519 Quia
1282 467 1450 511 caecitas
1475 484 1530 512 ex

169 544 319 597 »parte
332 537 461 580 Israe'l
481 536 659 594 contigit
672 568 684 584 ‚
702 537 840 579 donec
869 535 1092 595 plenitudo
1114 536 1306 595 gentium
1323 537 1501 582 intraret
1514 571 1527 589 ,

168 615 242 650 »et
261 607 322 650 sic
337 606 476 650 omnis
490 606 621 650 Israel
637 607 775 649 salvus
795 605 919 651 fieret
931 606 962 650 ¹.
991 625 1008 647 ι

170 684 194 741 ’,Ι
229 677 278 721 V.
314 677 444 727 Veni,
467 677 648 722 Domine
661 676 765 720 Josu
790 692 801 719 z
825 678 901 720 sed
914 677 1003 735 jam
1025 692 1117 721 non
1136 676 1371 728 inumbra,
1394 678 1531 722 sedin

169 748 269 793 Sole
293 748 478 806 justitiae.
509 747 553 791 Si
584 748 738 791 umbra
769 747 952 807 profuit,
986 747 1020 790 si
1048 747 1254 806 passionis
1280 756 1364 792 tuae
1378 748 1532 792 umbra

168 818 367 876 protexit,
403 818 439 862 si
476 818 667 877 corporis
699 818 849 861 umbra
863 817 1072 867 'salvavit3
1096 825 1304 875 quantum
1336 817 1533 863 conferre

167 889 324 948 poterit
338 889 507 932 claritas
531 897 676 947 aperta
695 889 895 933 virtutis?
920 889 1000 932 Per
1023 889 1221 932 umbram
1246 890 1366 947 lepra
1385 897 1534 933 curata

164 960 260 1004 αι’
286 976 299 1003 :
322 975 399 1019 per
421 960 620 1004 umbram
651 976 822 1018 qnoque
854 961 965 1004 illius
993 960 1180 1003 foeminae
1204 975 1298 1018 quae
1319 959 1535 1004 fimbriam

168 1031 298 1075 'vestis
317 1030 542 1074 dominicae
557 1030 711 1088 attigit,
727 1030 896 1090 sanguis
912 1029 1049 1074 stetit³
1073 1045 1085 1073 t
1103 1046 1182 1089 per
1194 1031 1392 1074 umbram
1411 1040 1455 1075 tc
1470 1031 1535 1074 vi-

171 1101 330 1150 dimus,
348 1102 536 1159 -quando
576 1116 663 1144 non
698 1101 887 1144 habebas·
919 1101 1106 1160 speciem
1148 1117 1287 1159 neque
1318 1102 1531 1145 decorem.

173 1171 334 1216 Umbra
374 1179 448 1214 tua
481 1185 582 1214 caro
614 1170 712 1220 suit,
742 1186 835 1228 quae
866 1180 1105 1215 nostrarum
1127 1180 1253 1215 :estus
1284 1172 1546 1230 refrigeravit

170 1242 476 1300 cupiditatum,
505 1256 598 1299 quae
617 1242 834 1284 restrinxit
856 1241 975 1300 ignes
989 1241 1230 1285 ,libidinum
1244 1274 1257 1291 ,
1290 1257 1384 1299 quae
1406 1242 1537 1286 avad-

170 1312 262 1361 tiae,
297 1312 646 1368 diversarumque
675 1312 919 1369 passionum
961 1312 1158 1355 incendia
1184 1311 1450 1370 temperavit.
1483 1312 1537 1355 Et

162 1383 275 1441 -quid
312 1383 453 1427 dicam
478 1384 533 1426 de
557 1383 710 1426 umbra
738 1383 936 1432 Domini,
959 1385 1132 1441 quando
1159 1391 1203 1426 et
1233 1384 1537 1441 Apostolorum

170 1454 325 1499 umbra
342 1452 541 1496 sanabat⁴
562 1452 582 1495 i)
602 1452 813 1497 Veniente
826 1453 985 1496 etenim
1004 1453 1453 1511 Petronnusquisqne
1475 1454 1542 1498 os-

169 1522 333 1569 serebat
352 1538 486 1580 aegros
500 1530 616 1572 suos,
637 1537 744 1580 quos
758 1523 1017 1567 transeuntis
1035 1522 1230 1581 Apostoli
1253 1523 1411 1567 umbra
1433 1523 1535 1566 red-

171 1592 280 1638 didit
293 1593 475 1637 sanitati.

230 1664 301 1708 vl.
327 1664 440 1708 Audi
463 1664 562 1721 quia
588 1678 689 1706 caro
708 1663 881 1707 Domini
903 1664 1055 1708 umbra
1074 1672 1167 1708 erat
1190 1679 1202 1707 t
1232 1682 1250 1703 ι
1264 1663 1378 1708 Ecce
1391 1662 1535 1708 Domi-

172 1743 191 1775 »
202 1751 284 1780 nus
304 1737 424 1779 sedet
444 1750 575 1793 super
591 1734 752 1777 nubem
770 1735 926 1783 levem,
943 1743 988 1778 et
999 1735 1140 1779 veniet
1160 1734 1203 1777 in
1218 1734 1494 1792 AEgyptum⁵.
1510 1754 1528 1775 n

170 1806 227 1849 Et
266 1805 401 1851 David
434 1804 539 1848 dicit
562 1820 573 1847 :
611 1822 628 1844 ι
649 1804 740 1848 Sub
769 1805 923 1849 umbra
962 1806 1124 1848 alarum
1161 1814 1329 1848 uiarum
1359 1813 1536 1864 protege

172 1894 191 1916 ι
202 1875 315 1919 me‘.
327 1895 344 1916 ι
356 1875 513 1921 Factus
528 1883 593 1918 est
612 1875 741 1933 igitur
761 1876 1000 1918 exinanitus
1015 1876 1168 1919 umbra
1184 1875 1324 1926 nobis,
1347 1890 1455 1933 quos
1476 1877 1542 1919 sol

172 1945 403 2004 iniquitatis
421 1953 652 1988 exusserat.
691 1944 884 1989 Vidimus
901 1961 1003 2004 ergo
1026 1946 1071 1988 in
1096 1945 1247 1989 umbra
1276 1960 1376 1988 eum
1395 1978 1407 1994 ,
1434 1960 1536 1988 cum

168 2017 317 2064 adhuc
345 2016 450 2059 fides
472 2016 609 2074 prima
630 2017 897 2074 procederet.
925 2015 1011 2059 Sed
1030 2030 1145 2059 nunc
1177 2015 1267 2074 jam
1287 2024 1426 2059 totum
1446 2016 1539 2060 illu-

167 2087 308 2131 minat
342 2087 573 2130 mundum:
596 2093 639 2128 et
669 2093 812 2128 tamen
839 2086 981 2128 adhuc
1012 2101 1113 2129 eum
1132 2100 1212 2144 per
1227 2086 1294 2130 sui
1327 2087 1538 2145 corporis,

175 2173 271 2215 quae
289 2165 354 2200 est
372 2153 562 2200 Ecclesia
576 2188 589 2204 ,
611 2156 809 2199 umbram
826 2156 1034 2207 videmus,
1058 2157 1251 2200 nondum
1270 2155 1381 2200 facie
1405 2158 1460 2200 ad
1482 2157 1540 2199 sa-

175 2229 311 2278 ciem;
329 2243 474 2285 neque
491 2229 606 2271 enim
627 2227 741 2270 oculi
765 2227 955 2286 corporis
978 2227 1217 2271 Divinitatis
1234 2236 1412 2285 possunt
1431 2228 1537 2271 reci-

174 2316 279 2360 pere
299 2301 521 2358 fulgorem.
546 2299 647 2343 Haec
658 2313 830 2356 quoque
858 2298 1011 2341 umbra
1032 2306 1170 2342 totum
1190 2298 1546 2362 quotidie-prole-

170 2371 238 2429 ‚git
254 2371 403 2414 orbem
418 2378 641 2413 terrarum.
667 2368 830 2412 Profuit
855 2368 983 2426 igitur
1001 2367 1245 2416 conclusi03
1274 2384 1291 2406 ι
1308 2367 1530 2412 Conclusit

178 2441 320 2485 »enim
338 2440 453 2485 Deus
468 2439 609 2485 omnia
635 2439 679 2482 in
702 2438 1000 2482 incredulitate
1012 2455 1025 2488 ;
1051 2446 1099 2482 ut
1120 2437 1315 2481 omnium
1334 2437 1543 2482 miserea-

227 2539 235 2588 i
256 2538 349 2598 Boin.
364 2575 411 2603 xi,
430 2564 483 2603 25,
499 2564 597 2595 25.—
610 2570 626 2589 ²
640 2562 762 2595 uauh.
777 2573 851 2601 vin,
865 2562 899 2595 5.
916 2580 956 2587 —
972 2563 988 2588 ³
1004 2562 1085 2596 Luc.
1104 2571 1180 2602 vm,
1200 2560 1300 2601 44.-·
1319 2561 1331 2586 ⁴
1348 2561 1420 2595 Act.
1440 2571 1471 2599 v,
1488 2562 1525 2596 15

181 2637 220 2646 -
239 2621 261 2645 ⁵⁷
272 2619 347 2652 lsai.
364 2629 431 2655 xix.
453 2629 482 2652 1.
497 2635 538 2643 -
553 2618 569 2640 ⁶
585 2616 668 2650 Psal.
684 2627 751 2656 xvv,
766 2617 798 2650 8.
