1800 3236
401 315 450 361 31
460 316 485 362 8
948 333 980 364 s,
1019 331 1212 365 Annaosn

399 418 523 467 quet,
540 418 590 462 ‚et
612 411 758 455 defleri
788 412 838 455 ab
863 412 1073 456 Hieremia
1112 412 1323 456 excidium
1350 411 1626 478 Judaaorum,
1651 409 1766 470 quod

400 488 572 532 cum'ex
589 482 678 526 aliis
692 515 703 533 ,
728 491 819 526 tum
842 499 893 527 ex
914 484 985 527 illo
1001 483 1178 542 intelligi
1200 491 1338 542 potest
1350 499 1362 532 ;
1381 482 1478 541 quia
1500 482 1544 525 in
1563 483 1765 540 posterio-

399 552 518 601 ribus
533 552 664 596 habet
688 570 729 597 :e
753 554 933 612 Spiritus
955 562 1052 609 ante
1073 554 1225 597 facicm
1245 566 1435 597 nostram
1462 552 1656 596 Christus
1675 553 1767 595 Do-

398 623 569 666 »minus
601 625 935 683 comprehensus
962 625 1091 668 estin
1123 625 1298 668 interitu
1324 633 1494 674 nostro,
1534 623 1612 667 sub
1642 622 1765 681 cujus

400 711 416 733 n
433 694 581 742 umbra
593 728 604 745 ‚
625 695 820 746 diximus,
838 697 1026 740 vivemus
1044 697 1154 739 inter
1170 704 1314 755 gentes
1329 697 1360 739 ¹.
1374 715 1390 737 ι
1405 695 1521 749 Quid
1535 695 1618 738 hoc
1635 695 1765 738 mani-

399 764 565 815 festius,
589 769 761 824 quando
783 776 825 811 et
847 783 1003 810 nomen
1027 782 1272 825 expressum
1297 775 1386 816 est,
1412 775 1455 810 et
1480 766 1765 825 comprehen-

399 838 459 880 sio
479 838 589 881 inter
610 854 759 882 manus
780 839 1125 898 persequentium
1149 837 1408 896 perfidorum
1439 846 1503 880 est
1524 838 1734 881 declarata
1752 871 1762 887 ,

400 917 443 953 et
477 910 628 952 umbra
665 910 903 960 vivificans,
933 918 976 953 et
1003 910 1134 968 gratia
1165 910 1360 968 gentibus
1387 907 1643 953 conferenda
1668 909 1767 951 des„

401 978 535 1037 cripta
550 980 644 1023 est?

460 1050 527 1094 VI.
564 1051 648 1094 Sed
669 1052 796 1094 etiam
824 1050 915 1110 ipsa
935 1051 1065 1095 verba
1089 1049 1329 1109 significant
1356 1064 1448 1107 quae
1471 1050 1513 1092 in
1536 1048 1764 1107 Evangelio

402 1123 454 1164 de
473 1122 665 1180 passione
685 1123 855 1166 Domini
879 1123 1057 1181 legimus
1073 1156 1082 1172 ‚
1109 1122 1207 1180 quia
1230 1122 1312 1164 hoc
1334 1123 1565 1164 locomors
1581 1113 1674 1178 ejus
1694 1135 1764 1163 an-

400 1193 591 1236 nuntiata
612 1202 675 1236 est
690 1209 766 1252 per
785 1194 1057 1252 Prophetam.
1082 1194 1153 1236 Sic
1176 1194 1290 1235 enim
1313 1192 1535 1236 Matthaeus
1555 1191 1722 1249 scripsit
1750 1205 1760 1232 z

409 1281 426 1303 α
441 1264 724 1308 Transeuntes
757 1273 899 1307 autem
933 1265 1290 1323 blasphemabant
1313 1279 1437 1315 eum,
1459 1270 1680 1307 moventes
1699 1277 1764 1306 ca-

398 1335 512 1393 n-pita
535 1350 632 1385 sua,
651 1344 694 1378 et
715 1336 903 1379 dicentes
925 1351 934 1378 :
960 1335 1048 1380 Vah
1073 1336 1145 1392 qui
1169 1335 1414 1378 destruebat
1437 1335 1643 1392 templum
1669 1333 1761 1382 Dei,

396 1413 469 1448 »et
491 1405 534 1447 in
570 1405 710 1448 triduo
733 1406 838 1448 illud
869 1405 1177 1449 reaedificabat!
1201 1406 1352 1449 Libera
1375 1414 1441 1455 te,
1466 1405 1499 1448 si
1524 1404 1656 1448 Filius
1686 1403 1764 1446 Dei

397 1494 413 1517 n
427 1491 471 1518 es
487 1476 518 1519 ².
543 1476 732 1535 »Vulgus
749 1478 894 1535 populi
919 1492 1017 1520 cum
1038 1478 1212 1521 insultat
1233 1477 1374 1527 alicui,
1393 1478 1561 1520 sibilare
1582 1491 1764 1519 consuc—

395 1546 467 1590 vit.
488 1546 642 1589 Simul
675 1547 773 1604 quia
795 1562 944 1591 vocem
967 1563 1053 1591 non
1075 1548 1408 1606 habehant‚'qui
1430 1547 1622 1593 Verbum
1642 1562 1765 1606 nega-

393 1618 519 1669 bant,
540 1619 647 1661 sicut
670 1619 972 1663 irrationabilia
995 1620 1191 1663 animalia
1212 1610 1452 1664 sibilabant.
1475 1620 1633 1664 Etideo
1652 1627 1762 1663 tran-

395 1689 532 1731 sibant
548 1689 674 1739 viam,
694 1690 825 1748 quiin
850 1690 914 1732 via
942 1696 1053 1732 stare
1078 1691 1326 1734 debuerant.
1357 1691 1450 1735 Non
1471 1691 1639 1734 stabant
1662 1706 1763 1750 ergo

395 1759 512 1816 quasi
537 1767 778 1804 constantes
801 1775 811 1801 :
841 1760 914 1803 sed
946 1760 1184 1804 transibant
1198 1763 1317 1819 quasi
1337 1762 1528 1805 mobiles.
1553 1761 1664 1804 Justi
1687 1763 1762 1804 au-

395 1838 480 1882 tem
498 1832 626 1889 pedes
643 1832 812 1874 stabant
836 1831 880 1874 in
905 1832 1019 1874 atriis
1039 1832 1328 1882 Hierusalem,
1354 1832 1398 1876 in
1427 1834 1582 1891 quibus
1608 1832 1762 1891 persidi

394 1911 503 1945 stare
526 1918 610 1945 non
627 1911 822 1961 poterant
830 1920 841 1952 ;
860 1911 902 1945 et
920 1903 1016 1945 ideo
1032 1903 1346 1961 praeteribant-⁸,
1366 1905 1477 1948 sicut
1492 1905 1658 1948 Marcus
1675 1904 1762 1963 sig-

390 1974 589 2019 nificavit.
625 1976 818 2018 Praeterit
851 1976 1026 2024 umbra,
1069 1991 1155 2018 non
1193 1976 1358 2019 veritas.
1401 1976 1500 2021 Dies
1522 1975 1623 2034 -ejus
1654 1977 1762 2019 sicut

391 2046 541 2096 umbra
564 2046 771 2104 praeterit,
800 2046 872 2103 qui
903 2046 1182 2096 obliviscitur,
1211 2046 1284 2104 qui
1317 2047 1597 2104 derelinquit«
1614 2046 1700 2089 Sed
1720 2055 1763 2089 et

393 2116 572 2158 transire
594 2115 787 2159 infideles
804 2116 984 2175 legimus
1000 2150 1009 2164 ,
1035 2117 1145 2160 sieut
1161 2118 1344 2160 estillud
1370 2132 1412 2160 t«
1426 2118 1479 2160 Et
1501 2117 1763 2164 vindemiant

392 2205 409 2228 n
423 2203 516 2230 eam
535 2203 682 2230 omnes
706 2196 971 2231 transeuntes
991 2189 1103 2231 viam
1131 2188 1162 2232 ¹⁸.
1189 2208 1204 2229 »
1220 2190 1325 2241 Quis
1343 2182 1458 2232 enim
1474 2189 1552 2232 nisi
1575 2188 1761 2247 perfidus

393 2257 598 2316 despoliat
632 2258 799 2301 vineam
829 2257 1020 2300 Christi?
1043 2258 1128 2301 Sed
1149 2267 1191 2301 et
1213 2260 1311 2302 alibi
1335 2259 1542 2317 scriptum
1563 2269 1627 2303 est
1650 2259 1760 2302 =«Et

392 2347 409 2369 >1
423 2343 508 2372 non
527 2328 724 2371 dixerunt
740 2337 1007 2371 transeuntes
1029 2329 1139 2371 viam
1157 2330 1429 2373 :Benedictio
1450 2330 1619 2386 Domini
1635 2345 1760 2388 super

392 2414 494 2442 »vos
515 2399 546 2441 ⁵.
576 2418 591 2440 »
606 2399 822 2442 Stantibus
854 2399 968 2442 enim
991 2399 1146 2442 dicitur
1169 2415 1212 2442 z«
1237 2401 1349 2443 Ecce
1372 2415 1487 2443 nunc
1521 2399 1759 2443 benedicite

390 2470 602 2513 »Domino
628 2469 660 2512 ⁶.
696 2471 886 2513 »Tamen
917 2478 959 2512 et
986 2470 1165 2521 inbono
1196 2470 1373 2527 legimus
1395 2471 1597 2520 transire:
1622 2480 1671 2514 ut
1694 2480 1757 2514 est

388 2539 495 2583 illud
516 2540 669 2599 Moysis
696 2555 706 2582 ε
732 2558 748 2580 (ι
768 2540 992 2584 Transiens
1013 2540 1164 2583 videbo
1186 2541 1269 2583 hoc
1291 2541 1429 2583 visum
1454 2556 1658 2600 magnum
1675 2540 1704 2584 ⁷.
1730 2560 1746 2582 n

433 2650 442 2665 ¹
459 2642 583 2674 Thi-en.
597 2652 641 2681 ir,
658 2648 710 2675 πο.
723 2660 765 2667 -
784 2653 797 2667 ²
817 2643 938 2676 Matth.
961 2653 1063 2679 xxvn.
1081 2644 1133 2687 39,
1151 2643 1207 2682 40.
1226 2661 1267 2668 --
1282 2645 1296 2668 ³
1313 2644 1414 2676 Marc.
1435 2654 1489 2683 κν,
1509 2654 1561 2686 29.
1575 2661 1616 2669 —
1643 2646 1657 2673 ⁴
1673 2643 1757 2679 Psal.
1799 2634 1800 2637 Ἴ

388 2706 497 2738 mxxix,
515 2696 565 2732 ιδ.
580 2714 620 2723 —·
634 2699 648 2723 ⁵
666 2697 720 2731 Id.
740 2708 879 2739 cxxviii,
896 2698 930 2732 8.
947 2716 986 2724 —-
1003 2699 1019 2723 ⁶
1036 2698 1086 2732 Id.
1106 2709 1243 2739 cxxxln,
1267 2709 1295 2732 1.
1309 2716 1351 2725 —
1366 2705 1379 2729 1
1394 2697 1499 2732 Exod.
1518 2708 1571 2740 111,
1586 2698 1623 2731 3.
