1800 3236
362 343 447 394 4²0
909 349 941 378 s.
980 346 1173 378 Attnnosn

321 417 323 419 v
362 433 511 478 animae
538 438 680 474 tamen
701 418 985 472 meae'noccre
1005 443 1092 471 non
1113 425 1282 487 poterit.
1307 425 1501 486 Denique
1521 441 1724 486 persecu·

359 515 473 550 tores
503 503 763 560 Martyrum,
787 514 914 558 quam
941 499 1065 558 longe
1094 499 1146 542 ab
1175 513 1322 542 eorum
1356 497 1518 543 meritis
1545 499 1724 558 separati

364 575 487 619 sunt!
892 579 895 582 ’

351 646 354 648 ’
420 642 625 690 XXXVI.
658 642 743 686 Sed
778 641 887 685 forte
918 641 1031 685 dicas
1057 656 1067 683 ε
1094 640 1321 694 Quomodo
1345 638 1478 683 sancti
1509 639 1726 684 adhaercnt

359 716 479 774 Deo?
506 716 559 759 Et
582 715 676 758 ideo
698 714 888 773 sequitur
918 729 962 757 :a
984 714 1120 772 Prope
1141 729 1185 756 es
1207 722 1251 756 tu
1268 745 1279 763 ‚
1299 711 1497 762 Domine,
1515 721 1559 756 et
1585 712 1726 756 omnia

360 806 377 829 ι»
391 793 601 846 praecepta
618 792 690 827 tua
707 784 860 828 veritas
880 784 911 829 ⁵.
935 802 951 824 n
964 784 1101 842 Prope
1121 791 1185 827 est
1195 783 1400 827 Dominus
1411 781 1609 826 omnihus
1622 815 1635 834 ‚
1653 782 1726 840 qui

359 857 522 915 ubique
544 856 663 898 adest
685 870 695 898 ε
721 870 801 898 nec
825 855 969 914 sugere
991 870 1089 897 eum
1107 869 1351 913 possumus,
1377 853 1410 897 si
1433 852 1688 897 offendimus
1712 868 1723 896 ε

361 942 441 972 nec
473 927 641 975 saliere,
672 925 705 969 si
738 925 1021 984 delinquimus
1047 941 1056 968 :
1083 941 1163 969 nec
1186 924 1432 974 amittimus,
1457 924 1490 968 si
1517 924 1720 969 colamus.

361 999 535 1058 Spectat
546 996 686 1040 omnia
701 997 832 1047 Deus,
849 997 991 1040 omnia
1011 996 1140 1046 videt,
1165 996 1319 1039 assistit
1338 996 1528 1055 singulis,
1549 995 1693 1040 dicens
1712 1012 1722 1040 ε

370 1087 388 1111 α
406 1070 521 1114 Deus
563 1068 904 1127 appropinquans
940 1083 1018 1127 ego
1050 1083 1144 1111 sum
1171 1066 1202 1110 ².
1242 1086 1258 1107 n
1278 1067 1332 1111 Et
1351 1068 1568 1125 quomodo
1589 1075 1729 1127 potest

361 1142 506 1184 deesse
523 1139 679 1182 alicubi
698 1140 809 1182 Deus
821 1172 833 1189 ‚
858 1154 957 1182 cum
974 1140 1027 1182 de
1043 1138 1205 1197 Spiritu
1223 1137 1300 1180 Dei
1313 1137 1462 1196 legeris
1481 1152 1492 1180 ε
1510 1155 1526 1178 ι
1547 1136 1727 1196 Spiritus

359 1210 560 1255 »Domini
592 1210 768 1268 replevit
797 1211 946 1253 orbem
987 1218 1199 1253 terrarum
1218 1208 1231 1231 ³
1259 1208 1313 1251 Ρ»
1329 1209 1438 1262 Quia
1462 1208 1536 1252 uhi
1555 1208 1728 1252 Domini

361 1281 564 1341 Spiritus,
584 1280 642 1322 ibi
668 1279 877 1323 Dominus
897 1281 1024 1324 Deus.
1045 1298 1060 1320 α
1084 1279 1250 1323 Coelum
1274 1288 1317 1322 et
1333 1287 1490 1323 terram
1513 1295 1591 1339 ego
1614 1294 1730 1323 com-

361 1354 486 1412 »pleo
500 1385 510 1403 ,
528 1350 631 1394 dicit
651 1351 860 1394 Dominus
878 1351 910 1395 ⁶.
936 1370 952 1392 n
968 1351 1047 1395 Ubi
1068 1351 1197 1410 igitur
1217 1349 1361 1397 deficit
1382 1349 1454 1408 qui
1474 1350 1622 1410 implet
1642 1366 1728 1394 om-

360 1424 460 1468 nia?
482 1422 567 1467 Aut
589 1423 804 1480 quomodo
827 1424 880 1465 tle
903 1422 1169 1481 plenitudine
1191 1421 1282 1480 ejus
1299 1436 1376 1465 nos
1392 1436 1538 1466 omues
1559 1421 1728 1482 accepi-

359 1510 455 1541 mus
470 1528 481 1545 ,
505 1494 586 1537 nisi
607 1494 807 1536 omnibus
831 1493 1170 1552 appropinquet?

418 1563 640 1610 XXXVII.
679 1564 873 1622 Denique
906 1564 1042 1608 David
1066 1564 1202 1608 sciens
1225 1564 1343 1608 illum
1365 1564 1526 1624 ubique
1544 1579 1636 1610 esse
1651 1598 1663 1617 ,
1685 1573 1729 1610 et

356 1635 534 1695 implere
557 1635 714 1678 coelum
729 1667 740 1684 ,
764 1643 807 1677 et
820 1643 978 1678 terram
997 1668 1007 1684 .
1025 1643 1067 1678 et
1083 1635 1237 1686 maria,
1258 1635 1316 1678 ait
1335 1650 1346 1678 t
1363 1653 1380 1675 α
1396 1636 1493 1689 Quo
1509 1635 1580 1680 ibo
1599 1651 1622 1680 a
1639 1635 1729 1696 Spi-

355 1706 473 1755 »ritu
489 1713 585 1755 tuo,
610 1713 653 1748 et
674 1720 758 1763 quo
781 1720 803 1747 a
824 1705 932 1748 facie
958 1713 1029 1748 tua
1056 1705 1215 1763 fugiam
1233 1705 1251 1748 P
1273 1705 1318 1748 Si
1336 1707 1564 1750 ascendero
1580 1706 1623 1750 in
1640 1720 1728 1750 coe-

355 1778 503 1827 ulum,
543 1784 588 1819 tu
623 1775 682 1818 ihi
709 1790 753 1818 es
786 1790 796 1817 :
832 1775 866 1818 si
903 1775 1164 1820 descendero
1196 1776 1240 1818 in
1267 1776 1507 1828 infernum,
1534 1779 1634 1821 ades
1657 1792 1667 1820 :
1694 1777 1729 1822 si

357 1865 375 1888 ι
389 1860 610 1905 sumpsero
632 1861 793 1904 pennas
815 1861 930 1889 meas
949 1855 1046 1889 ante
1066 1848 1207 1890 lucem
1226 1880 1236 1897 ,
1252 1854 1295 1890 et
1315 1846 1504 1891 habitem
1521 1847 1564 1891 in
1586 1848 1729 1892 novis-

357 1936 375 1960 »
388 1918 494 1961 simo
510 1916 663 1967 maris3
682 1917 840 1960 etenim
862 1918 920 1960 ibi
941 1933 1091 1961 manus
1109 1926 1181 1961 tua
1204 1919 1391 1962 deducet
1403 1934 1494 1970 me,
1512 1927 1555 1963 et
1568 1921 1728 1965 tenebit

358 2005 459 2033 »me
484 1990 653 2032 dextera
675 1997 747 2031 tua
770 1989 802 2032 ⁵.
832 2007 849 2030 ι
863 1990 1003 2043 Quam
1026 1990 1111 2033 cito
1133 1989 1384 2049 significavit
1407 1991 1567 2050 ubique
1589 1993 1728 2038 Deum

355 2057 469 2111 esse,
494 2068 537 2103 et
557 2059 632 2102 ubi
647 2068 711 2103 est
731 2060 864 2110 Deus,
894 2060 952 2102 ibi
977 2060 1183 2118 Spiritum
1209 2060 1301 2119 ejus
1323 2076 1414 2105 esse
1440 2070 1694 2121 praesentem
1712 2096 1725 2114 ,

358 2140 403 2174 et
429 2130 688 2187 ubicumque
712 2138 776 2173 est
808 2129 888 2174 Dei
911 2129 1108 2189 Spiritus,
1133 2131 1190 2174 ibi
1211 2131 1350 2175 Deum
1381 2147 1485 2176 esse.
1513 2132 1610 2186 Quo
1632 2135 1729 2177 loco

358 2200 585 2244 individuae
612 2201 765 2258 copula
804 2199 1022 2244 Trinitatis
1059 2216 1256 2259 expressa
1284 2209 1360 2245 est.
1397 2201 1615 2262 Siquidem
1637 2202 1729 2247 haec

348 2287 436 2331 per
461 2286 507 2314 os
527 2270 749 2330 Prophetae
771 2271 939 2314 locutus
961 2279 1025 2314 est
1046 2272 1123 2315 Dei
1144 2272 1275 2315 Filius
1290 2305 1302 2323 ,
1327 2273 1369 2315 in
1386 2288 1566 2332 persona
1587 2273 1730 2317 homi-

359 2342 424 2386 nis
445 2343 635 2392 locutus,
676 2341 749 2399 qui
777 2357 853 2399 per
881 2341 1219 2386 incarnationem
1242 2344 1464 2388 descendit
1490 2345 1533 2387 in
1559 2339 1693 2389 terras
1712 2377 1725 2396 ,

356 2408 808 2472 per‘resurrectionem
833 2412 1024 2456 ascendit
1045 2412 1087 2455 in
1109 2414 1266 2456 coelum
1285 2447 1296 2464 ,
1315 2430 1392 2473 per
1408 2414 1597 2474 corporis
1617 2430 1728 2458 mor-

363 2491 448 2525 tem
475 2481 710 2541 penetravit
732 2481 969 2532 infernum,
1000 2491 1048 2526 ut
1079 2484 1260 2526 solveret
1283 2485 1483 2543 alligatos.
1510 2486 1596 2530 Aut
1617 2486 1652 2530 si
1675 2487 1729 2529 ad

356 2554 616 2613 Prophetam
641 2553 820 2604 reseras,
853 2554 1032 2598 advertis
1055 2570 1300 2614 expressum
1324 2558 1438 2614 quod
1458 2557 1616 2616 ubique
1635 2573 1728 2602 ma-

406 2666 415 2680 ·
439 2656 520 2690 Psal.
549 2668 665 2698 cxvm,
697 2658 770 2691 161.
787 2674 829 2683 --
846 2667 860 2683 ⁸
885 2658 1009 2693 Jerem.
1035 2669 1131 2702 xxm,
1148 2660 1201 2695 23.
1220 2678 1259 2686 —
1290 2663 1303 2686 ⁵
1321 2661 1395 2705 Sap.
1422 2674 1446 2703 ι,
1463 2674 1545 2707 7.-
1568 2668 1581 2693 4
1603 2664 1723 2700 Jercm.

357 2723 439 2746 xxm
453 2735 462 2753 ‚
484 2713 535 2751 24.
555 2730 592 2737 --
614 2714 625 2735 ⁵
644 2713 726 2747 Psal.
748 2724 909 2756 cxxxviii,
925 2724 1002 2757 7-10
