1800 3236
0 1340 10 1362 ar
0 1331 2 1336 *
0 1312 6 1323 τ
0 1250 9 1307 rum
0 1178 11 1246 uzu-*⁷³1
0 1100 11 1173 πνυκ-
0 1080 9 1095 a:
0 1063 11 1076 τ
3 1051 7 1053 .
0 1025 5 1044 <v

456 296 677 328 nvom-rio
708 296 754 328 nt
783 296 975 327 »suumn
1006 282 1150 328 c'xvm.
1394 285 1483 345 439

179 376 347 440 XXXI.
384 375 473 421 Aut
491 376 692 427 sortasse,
726 376 826 435 quia
850 375 1243 420 dixerattuJudica
1273 376 1483 436 judicium

122 462 325 497 nmenmg
357 465 376 488 ι
401 446 497 491 ideo
526 447 742 490 subtexuit
777 444 1068 490 miserationes
1102 446 1273 490 Domini
1304 447 1485 493 nimium

123 519 279 570 multas
292 532 410 568 esse3
428 532 555 576 grave
568 526 634 561 est
647 517 762 561 enim
779 517 832 560 de
848 518 980 560 altero
994 516 1200 575 judicare.
1220 517 1340 560 Unde
1356 517 1486 562 etiam

120 588 332 650 scriptum
357 595 486 632 estu
514 587 655 632 Nolite
681 587 899 645 judicare,
930 595 979 630 ut
1008 601 1094 630 nou
1125 587 1376 645 judicemini
1394 587 1427 631 ¹.
1457 606 1475 629 ι

125 658 238 704 Cum
255 649 371 703 enim
392 658 683 718 unusquisque
702 658 757 702 sit
776 673 951 701 suorum
969 658 1163 702 conscius
1184 667 1482 717 peccatorum,

124 729 342 788 quomodo
365 736 505 788 potest
524 729 577 771 de
597 728 770 771 alterius
795 728 986 786 judicare
1014 737 1204 787 peccato.
1238 727 1412 773 Judicet
1437 730 1490 773 de

128 799 300 847 alterius
313 813 459 843 errore
470 832 483 849 ‚
499 799 572 857 qni
588 814 674 842 nou
690 799 822 843 habet
835 801 953 857 quod
970 799 1014 842 in
1029 799 1179 859 seipse
1197 800 1455 844 condemnet
1474 816 1486 844 ι

125 870 290 930 judicet
322 869 415 920 ille,
448 870 521 928 qui
553 871 766 927 non'agat
794 870 947 913 eadem
975 883 1070 928 quae
1095 870 1138 912 in
1171 870 1253 913 alio
1280 871 1491 930 putaverit

126 941 367 1001 punienda;
385 955 440 984 ne
455 955 556 985 cum
572 941 626 983 de
641 941 723 983 alio
738 938 927 998 judicat,
951 940 995 983 in
1017 955 1062 983 se
1084 939 1191 983 ferat
1209 941 1299 1000 ipse
1318 949 1491 985 sentcn-

128 1011 257 1057 tiam:
269 1010 432 1070 judicet
455 1006 525 1055 ille
551 1011 624 1069 qui
643 1013 697 1056 ad
715 1011 1078 1070 pronuntiandum
1095 1012 1213 1054 nullo
1230 1011 1327 1054 odio
1341 1043 1353 1061 ,
1376 1012 1493 1054 nulla

128 1081 388 1134 offensione,
410 1084 527 1126 nulla
548 1083 718 1126 levitate
744 1084 939 1126 ducatur.
967 1080 1134 1124 Audisti
1159 1081 1286 1124 hodie
1306 1081 1409 1140 quid
1426 1081 1492 1139 ju-

127 1154 212 1199 dex
230 1168 355 1197 verus
370 1157 414 1196 e't
429 1153 567 1211 justus
582 1154 751 1196 locutus
766 1153 820 1196 sit
839 1167 850 1196 ε
866 1170 883 1192 ι
898 1152 992 1197 Non
1011 1166 1186 1211 possum
1197 1184 1210 1202 ,
1235 1151 1395 1210 inquit,
1413 1167 1493 1211 ego

130 1241 149 1266 ι
161 1238 185 1268 ι
204 1237 276 1268 me
290 1222 435 1267 facere
455 1223 688 1281 quidquam
704 1222 736 1266 ².
809 1251 819 1256 —

189 1293 375 1340 XXXII.
410 1294 614 1338 Nonnulli
644 1293 834 1338 haeretici
864 1294 1059 1337 solebant
1078 1293 1179 1337 hinc
1200 1292 1340 1336 facere
1365 1306 1496 1350 quaes-

51 1420 59 1426 ,
131 1365 293 1415 tiones,
316 1365 436 1423 quasi
455 1364 648 1409 infirmus
663 1373 776 1408 esset
792 1365 948 1414 Filius,
976 1365 1050 1422 qui
1073 1379 1096 1408 a
1121 1379 1166 1407 se
1185 1364 1292 1407 nihil
1310 1364 1493 1414 facerem

131 1435 253 1494 quasi
275 1436 511 1494 secundum
526 1435 798 1478 Divinitatem
821 1449 991 1492 qnoque
1014 1434 1208 1477 subditus
1222 1467 1234 1484 ‚
1257 1442 1300 1477 et
1320 1441 1497 1492 paterno

133 1505 354 1563 subjectus
368 1505 548 1564 imperio
564 1520 577 1547 z
597 1519 678 1548 nec
695 1506 920 1548 advertunt
939 1505 1055 1562 quod
1069 1503 1154 1547 boc
1171 1519 1342 1562 quoque
1362 1503 1496 1562 magis

134 1576 354 1635 potestatis
369 1576 521 1619 divinae
538 1576 678 1618 unitas
692 1575 998 1634 comprobetur
1010 1607 1023 1624 ,
1041 1574 1116 1616 ubi
1132 1582 1284 1633 putant
1301 1574 1410 1616 inter
1422 1574 1500 1616 Pa—

136 1655 246 1691 trem
266 1654 311 1689 et
329 1646 487 1690 Filium
502 1661 599 1689 esse
625 1645 868 1688 distantiam
889 1645 1124 1704 potestatis.
1148 1645 1261 1688 Nihil
1286 1659 1308 1686 a
1330 1659 1375 1687 se
1399 1644 1501 1688 facit

135 1715 291 1765 Filius,
308 1716 409 1774 qnia
428 1731 512 1775 per⁴
524 1717 731 1760 unitatem
751 1715 1008 1774 operationis
1024 1729 1105 1758 nec
1121 1715 1252 1758 Filius
1270 1715 1359 1757 sine
1373 1715 1496 1758 Patre

136 1786 265 1837 facit,
293 1802 375 1831 nec
403 1787 494 1830 sine
521 1788 629 1831 Filio
657 1787 793 1830 Pater.
831 1786 1024 1844 Denique
1053 1786 1187 1837 Pater,
1207 1786 1313 1829 dicit
1343 1787 1396 1828 ad
1425 1785 1500 1828 Fi-

138 1857 272 1902 lium:
289 1856 543 1902 «Faciamus
565 1857 782 1901 hominem
799 1857 853 1899 ad
866 1856 1093 1914 imaginem
1113 1864 1156 1898 et
1177 1855 1500 1898 similitudinem

141 1947 159 1970 ι
171 1937 359 1973 nostram
384 1927 398 1951 ²
411 1961 423 1978 ,
443 1947 460 1968 ι
473 1943 746 1972 communem
768 1931 956 1970 asserens
976 1925 1267 1985 operationem
1288 1939 1379 1967 esse
1393 1957 1405 1974 ,
1430 1924 1503 1966 ubi

141 2014 373 2044 commune
398 1999 622 2042 consilium
653 2006 731 2040 est.
761 1998 878 2050 Quid
911 1996 1000 2040 sine
1030 1996 1243 2055 Sapientia
1275 1996 1400 2044 facit,
1431 1995 1504 2052 qui

142 2068 285 2124 omnia
303 2069 346 2111 in
362 2068 578 2127 Sapientia
595 2067 694 2110 secit
706 2100 717 2116 ,
736 2075 785 2109 ut
800 2068 960 2110 lectum
969 2074 1034 2109 est
1050 2082 1090 2109 :-
1102 2065 1255 2108 Omnia
1272 2065 1316 2107 in
1333 2064 1505 2123 Sapien-

143 2138 231 2182 »tia
249 2137 416 2181 fecisti*
432 2139 451 2180 Ρ
471 2157 487 2178 ι
500 2138 692 2195 Denique
709 2136 921 2195 Sapientia
938 2136 1041 2179 dixit
1059 2150 1069 2177 :
1086 2153 1103 2174 ι
1126 2135 1234 2177 Cum
1248 2134 1405 2176 faceret
1422 2148 1506 2176 coe-

143 2210 256 2258 »los,
281 2223 380 2251 cum
412 2208 483 2251 illo
511 2224 680 2251 eram...
709 2208 798 2264 Ego
820 2221 937 2249 eram
963 2205 1033 2248 cui
1055 2204 1339 2263 applaudebat
1362 2203 1395 2245 ⁵.
1420 2202 1505 2245 »Et

144 2279 407 2338 Evangelista
424 2279 479 2321 ait
502 2294 512 2320 ε
530 2296 546 2318 ι
567 2278 722 2322 Omnia
739 2293 814 2336 per
829 2277 966 2335 ipsum
982 2275 1093 2318 saeta
1109 2281 1230 2322 sunt,
1247 2283 1292 2316 et
1307 2272 1398 2315 sine
1414 2272 1505 2329 ipso

145 2350 336 2405 »sactum
363 2358 428 2392 est
454 2348 618 2398 nihi1⁸;
642 2357 719 2392 »ut
749 2349 925 2391 doceret
953 2362 1039 2389 non
1073 2347 1210 2389 solum
1238 2351 1505 2403 operatorem

146 2421 338 2463 omnium
354 2419 508 2464 Filium
523 2452 535 2470 ,
560 2421 635 2463 sed
649 2419 777 2462 etiam
792 2428 976 2477 patei-nze
993 2416 1247 2476 operationis
1265 2422 1507 2458 consortem

142 2504 253 2533 esse.

196 2601 206 2617 ¹
226 2594 304 2625 Luc.
323 2605 368 2629 vn.
386 2594 437 2636 57.
459 2611 501 2618 -
522 2602 535 2617 ³
559 2593 657 2625 Joan.
678 2602 709 2624 v.
729 2593 784 2624 30.
802 2609 843 2616 —
859 2593 872 2615 ³
891 2591 974 2623 Gen.
995 2601 1020 2631 v,
1039 2589 1089 2622 26.
1109 2607 1149 2616 -—
1174 2592 1186 2616 ⁴
1206 2588 1287 2622 Psal.
1303 2598 1383 2624 cm.
1399 2587 1452 2626 ati.
1468 2604 1508 2611 —-

153 2649 169 2671 ⁸
182 2646 281 2680 Prov.
301 2659 379 2688 vm,
398 2659 436 2691 ²7
451 2653 484 2680 et
497 2648 552 2681 50.
570 2665 609 2671 --
628 2648 641 2669 ⁵
657 2647 755 2680 Joan.
773 2657 798 2685 ι,
814 2647 846 2681 ὃ.
