1800 3236
338 340 424 394 468
891 350 923 380 s,
962 346 1152 380 Amnosn

333 447 462 493 quam
485 446 616 493 prope
637 429 735 475 vitia
756 428 843 488 ipsa
860 428 1058 472 nescisse.
1079 428 1270 472 Imbutos
1283 426 1397 471 enim
1406 426 1518 472 vitiis
1538 416 1700 473 animos

336 520 492 549 exuere
522 502 650 546 frenis
683 500 965 560 cupiditatum
993 508 1119 558 atque
1143 500 1413 550 emendasse,
1447 514 1534 543 non
1563 501 1701 544 solum

335 575 533 635 perfectas
551 572 716 616 virtutis
729 604 740 621 ‚
766 571 840 614 sed
861 571 987 614 etiam
1007 570 1187 614 coelestis
1204 577 1267 613 est
1287 570 1441 629 gratim.
1464 571 1702 615 Emendare

331 645 491 689 etenim
509 643 649 687 sutura
673 642 917 685 attentionis
938 642 1135 685 humanae
1149 649 1211 684 est
1231 656 1242 683 t
1262 641 1472 701 praeterita
1499 642 1701 685 damnare

335 716 485 760 divinae
507 723 571 758 est
600 714 834 772 potestatis.
861 712 1054 770 Denique
1077 711 1292 755 inventam
1314 720 1457 770 pastor
1479 726 1600 754 ovem
1619 711 1703 755 hu-

334 787 463 832 meris
476 785 676 844 imposuit
684 784 769 827 suis
781 783 794 806 ¹
804 816 813 827 .
835 782 1040 842 Agnoscis
1051 783 1198 840 utique
1206 782 1453 841 mysterium
1462 816 1473 832 ‚
1487 782 1702 840 quomodo

335 858 424 902 ovis
445 859 550 900 lassa
578 854 818 904 reficiatur3
841 854 938 912 quia
968 868 1053 896 non
1068 860 1220 912 ‘potest
1247 853 1367 896 aliter
1388 852 1574 896 humana
1598 845 1703 896 con-

337 929 440 975 ditio
465 930 569 971 lassa
595 925 795 975 recreari,
820 925 900 967 nisi
924 932 1188 968 sacramento
1217 923 1441 967 dominicae
1467 923 1670 983 passionis
1688 955 1701 974 ,

340 1007 385 1044 et
405 997 618 1057 sanguinis
639 996 740 1039 Jesu
763 995 937 1045 Christi,
951 1013 967 1034 ιι
982 994 1114 1052 Cujus
1134 994 1394 1053 principatus
1410 1009 1536 1053 super
1550 993 1704 1037 hume-

336 1088 352 1111 »
367 1085 436 1112 ros
458 1069 551 1127 ejus
579 1066 593 1089 ²
615 1084 627 1117 ;
649 1067 721 1110 »in
745 1067 815 1109 illa
837 1066 949 1109 enim
982 1081 1110 1109 cruce
1135 1064 1400 1109 infirmitates
1427 1074 1598 1109 nostras
1609 1080 1705 1125 por-

336 1141 461 1191 tavit,
486 1148 534 1183 ut
563 1139 636 1182 ubi
667 1138 861 1182 omnium
895 1145 1070 1197 peccata
1093 1137 1304 1180 vacuaret.
1333 1137 1483 1181 Merito
1519 1138 1705 1196 gaudent

337 1210 489 1269 Angeli
503 1227 515 1260 ;
534 1209 632 1267 quia
649 1209 683 1252 is
705 1209 778 1267 qui
802 1208 982 1258 erravit,
1006 1208 1093 1267 jam
1114 1222 1200 1251 non
1225 1215 1362 1260 errat,
1385 1207 1472 1266 iam
1496 1221 1620 1251 suum
1641 1215 1706 1252 est

334 1281 492 1324 oblitus
515 1294 721 1323 errorem.
1248 1320 1251 1323 ,
1656 1291 1659 1293 ’

397 1351 466 1395 IV.
503 1351 598 1395 Non
629 1366 748 1394 error
778 1351 922 1410 igitur,
954 1350 1028 1394 sed
1051 1349 1362 1394 consummatio
1383 1357 1470 1400 est,
1503 1358 1554 1393 ut
1577 1342 1706 1394 altera

339 1423 465 1465 docet
487 1421 791 1480 interpretatio.
822 1422 1141 1465 Consummatio
1171 1429 1335 1471 autem,
1358 1420 1564 1479 perfectio
1587 1421 1711 1465 disei-

337 1493 464 1552 plinae
483 1500 560 1536 est.
589 1494 710 1537 Unde
735 1502 777 1536 et
797 1493 1031 1536 Hieremias
1053 1493 1096 1535 in
1119 1493 1204 1536 suis
1225 1492 1405 1536 Threnis
1425 1494 1504 1536 sub
1526 1492 1608 1537 hac
1638 1493 1712 1536 lit-

339 1571 429 1606 tera
453 1563 510 1606 ait
534 1578 543 1605 ε
561 1580 576 1602 «
594 1562 761 1606 Defecit
783 1561 980 1622 iniquitas
1002 1572 1072 1606 tua
1088 1597 1099 1614 ,
1118 1562 1202 1606 filia
1224 1562 1325 1606 Sion
1351 1578 1361 1605 ε
1382 1577 1467 1607 non
1487 1562 1659 1621 adjiciet
1670 1570 1712 1606 te

340 1652 359 1676 »
371 1635 580 1693 expellere
598 1634 749 1678 adhuc.
766 1634 958 1679 Visitavit
979 1634 1219 1692 iniquitates
1236 1642 1346 1685 tuas,
1361 1632 1446 1677 filia
1462 1634 1599 1678 Edom
1612 1648 1623 1677 t
1638 1628 1713 1677 re-

338 1705 524 1748 »velavit
546 1720 673 1763 super
689 1712 862 1763 peccata
884 1713 956 1748 tua
982 1704 1013 1748 ³.
1047 1705 1270 1749 »Advertis
1292 1705 1494 1764 quoniam
1514 1705 1711 1764 iniquitas

340 1791 428 1820 non
449 1775 589 1834 potuit
608 1775 697 1818 sine
712 1775 790 1819 Dei
803 1775 1039 1819 visitatione
1058 1775 1244 1819 deficere
1258 1809 1269 1826 ,
1290 1792 1369 1820 nec
1380 1778 1502 1835 plena
1514 1792 1606 1820 esse
1621 1786 1712 1820 cot*-
1778 1777 1782 1780 “

340 1847 495 1896 rectio,
521 1846 600 1889 nisi
621 1862 698 1905 per
719 1847 896 1905 gratiam
917 1846 1087 1890 Domini
1109 1848 1366 1892 Salvatorisi'
1389 1848 1713 1906 Quomodoau-

338 1927 427 1962 tem
455 1916 624 1960 deficiat
659 1918 877 1975 iniquitas,
907 1918 1004 1961 audi
1036 1918 1251 1962 dicentem
1275 1919 1511 1963 Ecclesiam
1538 1912 1585 1964 :c
1603 1920 1713 1964 Exui

341 1989 562 2032 »tunicam
601 2005 738 2032 meam
754 2023 765 2039 ‚
805 1990 1020 2048 quomodo
1057 1990 1230 2034 induam
1271 2006 1364 2035 eam
1385 1992 1405 2034 ἰ’
1436 1991 1538 2035 Lavi
1582 1993 1713 2052 pedes

343 2075 491 2104 »meos
505 2093 517 2110 ,
540 2061 757 2117 quomodo
776 2059 1007 2117 inquinabo
1025 2076 1097 2104 eos
1113 2062 1125 2082 ¹²
1144 2061 1191 2104 P»
1204 2062 1367 2107 Veteris
1389 2062 1517 2122 igitur
1528 2060 1713 2107 hominis

340 2130 640 2174 vestimentum
651 2130 759 2174 vitiis
770 2131 924 2174 erroris
934 2131 1159 2183 intextum,
1175 2133 1217 2175 in
1230 2134 1384 2177 lavacri
1395 2133 1714 2193 regeneratione

344 2200 584 2259 depositum
610 2201 746 2244 nescit
780 2203 995 2260 quomodo
1023 2204 1155 2261 possit
1186 2204 1385 2255 induere3
1423 2206 1562 2249 studio
1599 2205 1714 2249 enim
1767 2202 1770 2203 ⁷

347 2272 624 2315 correctionis
646 2273 878 2316 inoleverat
898 2274 1053 2318 oblivio
1070 2284 1359 2334 peccatorum.
1382 2276 1515 2320 Tanta
1531 2275 1592 2320 vis
1615 2291 1715 2321 con·

346 2349 567 2384 summatae
588 2344 895 2387 emendationis
922 2354 1008 2395 est;
1031 2353 1080 2388 ut
1106 2346 1148 2388 in
1171 2350 1399 2404 quamdam
1423 2348 1620 2407 pueritiae.
1643 2363 1715 2391 re-

348 2412 446 2454 deat
473 2412 669 2471 spiritalis
699 2422 864 2458 aetatem
880 2448 891 2464 ‚
921 2431 1014 2474 quae
1040 2416 1124 2459 vias
1148 2418 1302 2461 erroris
1333 2419 1527 2477 ignoret,
1553 2419 1715 2462 crimen

348 2482 513 2525 etiamsi
530 2483 653 2533 velit,
676 2500 760 2527 non
783 2485 914 2543 possit
942 2487 1164 2530 admittere
1178 2505 1190 2537 3
1213 2488 1310 2546 quia
1334 2489 1572 2533 desueverit
1589 2503 1715 2533 usum

347 2568 471 2597 nosse
501 2555 721 2612 peccandi.
748 2555 800 2599 Et
819 2556 907 2614 jam
939 2559 990 2601 de
1020 2558 1146 2617 hujus
1180 2561 1329 2604 litterae
1366 2562 1715 2620 interpretatione

394 2680 404 2699 ¹
425 2675 504 2710 Luc.
523 2688 577 2718 xv,
596 2679 626 2712 5.
653 2697 693 2705 —-
719 2690 732 2706 ¹
751 2680 826 2714 lsai.
847 2693 892 2722 ix,
911 2684 942 2718 6.
966 2702 998 2709 —
1021 2685 1035 2709 ³
1052 2684 1176 2719 Thrcn.
1198 2697 1241 2724 iv,
1265 2698 1320 2720 21.
1338 2706 1378 2713 —
1405 2691 1415 2717 ⁴
1439 2689 1535 2723 Cant.
1555 2699 1588 2729 v,
1605 2689 1636 2721 3.
