1800 3236
347 318 436 372 436
902 327 934 356 s·
973 325 1164 356 Aninnosu

343 414 412 457 lus
428 410 542 454 enim
562 417 605 453 et
624 406 806 452 ministri
827 405 920 464 ejus
943 421 1041 449 cum
1064 404 1310 449 hominibus
1331 417 1416 446 non
1437 401 1713 461 flagellabun-

347 493 430 528 tur.
459 482 658 541 Separata
680 488 743 523 est
765 494 913 538 poena,
942 479 1016 521 ubi
1038 478 1163 521 distat
1183 485 1225 520 et
1247 477 1383 534 culpa.
1418 476 1604 534 Ideoque
1631 475 1712 519 alio

345 557 440 599 loco
463 553 680 612 Scriptura
700 551 756 594 ait
777 566 787 593 ε
805 570 820 589 «
839 550 1023 608 Tempus
1040 557 1103 593 est
1120 548 1306 607 incipere
1322 546 1529 605 judicium
1546 561 1567 588 a
1587 547 1713 589 domo

345 646 361 668 n
374 626 491 671 Dei¹.
513 644 528 666 ι
543 626 660 677 Quos
676 623 901 666 miseratur
916 622 1046 671 enim,
1066 621 1150 664 cito
1167 619 1364 678 castigat;
1385 627 1535 662 utnon
1555 617 1714 660 diutius

347 696 586 740 afficiantur
602 693 732 736 futuri
749 692 1041 751 expectatione
1057 691 1222 750 judicii,
1243 705 1326 732 non
1343 689 1546 748 prolixius
1562 687 1714 732 misera

344 775 486 811 reatus
503 773 615 808 sorte
631 772 924 813 macerentur;
948 771 996 806 ut
1012 762 1304 819 unusquisque
1321 761 1472 803 reddat
1486 760 1615 803 etiam
1633 761 1715 803 du·-

344 837 469 896 plicia
490 843 665 895 peccata
685 850 776 886 sua,
802 850 885 892 quo
907 834 1079 877 tandem
1102 832 1233 891 possit
1256 830 1430 874 absolvi.
1451 831 1581 874 Poena
1600 829 1716 873 enim

344 923 535 958 reorum,
554 908 748 964 quaedam
768 904 975 948 absolutio
995 904 1249 947 delictorum
1265 911 1341 945 est.

405 979 569 1023 XXIII.
606 977 810 1022 Videmus
827 977 870 1019 in
886 976 969 1019 hoc
986 977 1140 1019 saeculo
1158 975 1337 1018 insertos
1355 966 1533 1017 nexibus
1550 981 1719 1016 catena-

347 1065 443 1094 rum
465 1064 559 1092 reos
588 1048 632 1090 in
657 1048 798 1107 specie
825 1062 991 1106 pompae
1012 1045 1261 1090 miserabilis
1285 1044 1383 1088 duci
1404 1059 1414 1087 ε
1445 1052 1488 1087 et
1517 1059 1719 1098 nonnun-

350 1137 476 1179 quam
491 1120 574 1163 hoc
586 1120 806 1179 patiuntur
820 1119 1028 1167 insont053
1048 1127 1096 1161 ut
1108 1116 1368 1161 tolerabilius
1381 1116 1435 1160 sit
1449 1116 1576 1166 mori,
1592 1130 1722 1174 quam

346 1192 444 1236 talia
465 1192 607 1235 subire
630 1191 849 1250 supplicia.
879 1190 1039 1248 Optant
1060 1190 1207 1247 utique
1230 1188 1368 1232 audiri
1391 1188 1500 1231 bene
1517 1187 1599 1231 sibi
1617 1175 1716 1230 con-

352 1254 428 1308 scii
448 1280 457 1307 :
483 1271 630 1322 optant
651 1251 779 1306 etiam
801 1262 844 1305 hi
871 1262 942 1320 qui
971 1259 1167 1320 gravibus
1188 1260 1359 1319 flagitiis
1383 1268 1604 1319 urgentur,
1629 1274 1725 1318 poe-

346 1349 446 1379 nam
467 1333 615 1376 mortis
637 1333 853 1390 celeritate
875 1332 1132 1390 transigere3
1155 1339 1204 1374 ut
1225 1332 1438 1388 aliquanta
1464 1328 1723 1388 compendia

349 1418 572 1464 poenarum
595 1404 829 1446 lucrentur.
858 1401 962 1461 Spes
984 1411 1047 1445 est
1068 1402 1195 1445 etiam
1218 1403 1270 1445 de
1289 1401 1444 1461 judicis
1471 1400 1719 1444 misericor-

347 1475 429 1518 dia.
458 1475 554 1532 Ipso
577 1473 699 1516 exilio
725 1474 904 1516 claustra
931 1473 1112 1516 carceris
1130 1473 1301 1517 duriora
1318 1481 1434 1522 sunt,
1458 1487 1539 1515 nec
1557 1471 1724 1515 reditus

345 1545 390 1589 in
408 1553 661 1604 perpetuum
675 1544 873 1587 omnibus
890 1544 1190 1587 intercluditur
1207 1543 1418 1602 relegatis.
1442 1543 1486 1587 Si
1505 1543 1596 1587 haec
1614 1558 1717 1602 ope·
1777 1588 1779 1590 ,

350 1626 470 1661 ratur
489 1617 726 1660 humanum
749 1630 951 1666 examen,
979 1624 1138 1674 quanto
1162 1615 1295 1674 magis
1320 1615 1475 1659 Christi
1497 1624 1560 1659 est
1583 1614 1725 1658 omni-

353 1687 435 1731 bus
453 1687 753 1744 expetendum.
775 1685 982 1729 Differtur
998 1686 1153 1729 diaboli
1170 1686 1406 1744 judicium;
1427 1695 1475 1730 ut
1491 1687 1545 1730 sit-
1559 1701 1726 1745 semper

355 1757 400 1802 in
421 1758 557 1817 poenis
578 1773 701 1807 reus,
736 1772 901 1815 semper
931 1756 1214 1815 improbitatis
1239 1773 1324 1801 suae
1345 1754 1524 1801 innexus
1547 1757 1723 1807 catenis,

359 1829 631 1873 conscientiae
658 1843 762 1877 suae,
796 1827 839 1870 in
865 1835 1120 1886 perpetuum
1149 1828 1351 1871 sustineat
1378 1829 1468 1887 ipse
1496 1828 1720 1887 judicium.

354 1899 457 1947 Ideo
481 1899 594 1942 dives
617 1898 686 1941 ille
714 1896 815 1956 (54)
843 1897 886 1940 in
908 1897 1182 1956 Evangeli02,
1208 1899 1308 1942 licet
1327 1908 1530 1958 peccator
1553 1898 1728 1958 poenali-

354 1971 436 2014 bus
461 1978 638 2028 urgetur
661 1969 886 2019 aerumnis,
921 1978 969 2012 ut
992 1970 1115 2013 citius
1137 1970 1272 2029 possit
1297 1971 1489 2014 evadere.
1523 1970 1727 2014 Diabolus

358 2048 500 2083 autem
521 2054 788 2097 nequaquam
814 2040 1055 2098 pervenisse
1087 2042 1141 2083 ad
1159 2040 1370 2099 judicium
1394 2042 1724 2090 demonstratur,

355 2126 622 2169 nequaquam
652 2110 792 2153 adhuc
823 2111 958 2169 poenis
996 2127 1087 2154 esse
1116 2111 1360 2169 subjectus;
1397 2111 1478 2155 nisi
1508 2127 1612 2170 quas
1639 2110 1728 2170 ipse

356 2191 575 2227 tantorum
604 2182 800 2226 conscius
834 2183 1046 2225 scelerum
1074 2183 1197 2226 solvit
1225 2183 1380 2226 timore
1409 2190 1642 2242 perpetuo,
1674 2197 1729 2226 no

358 2250 585 2311 aliquando
608 2268 783 2296 securus
805 2253 870 2296 sit.
1043 2263 1045 2265 “

413 2325 572 2369 XXIV.
609 2326 699 2368 Imo
738 2333 785 2368 ut
818 2324 959 2368 verius
999 2324 1138 2368 dicam
1164 2358 1175 2375 ‚
1217 2333 1386 2369 sanctus
1428 2326 1481 2370 ad
1519 2324 1728 2385 judicium

358 2395 472 2439 venit
487 2428 498 2445 ‚
529 2395 686 2454 impius
710 2411 796 2438 non
823 2395 938 2438 venit
959 2410 968 2437 ε
986 2413 1002 2435 «
1020 2396 1231 2448 Quoniam
1259 2413 1342 2440 non
1363 2406 1588 2456 resurgunt
1609 2396 1729 2455 impii

357 2466 430 2508 »in
451 2465 611 2524 judicio
627 2466 657 2508 ³.
681 2484 697 2506 »
724 2465 803 2509 Hic
820 2465 923 2524 petit
949 2475 997 2508 ut
1027 2466 1288 2516 absolvatur,
1315 2467 1422 2510 alius
1446 2475 1494 2510 ut
1517 2467 1729 2510 coercitus

336 2570 338 2572 v
361 2537 609 2584 dimittatur.
646 2536 731 2589 Qui
759 2546 899 2580 autem
931 2552 1015 2579 non
1045 2536 1285 2594 judicatur,
1310 2553 1395 2580 non
1417 2538 1621 2588 credidit,
1655 2537 1729 2580 sed

360 2607 691 2666 impietatissuae
706 2606 868 2665 judicio
885 2607 973 2670 ipse
985 2607 1174 2666 punitur.
1194 2608 1319 2666 Apud
1337 2608 1611 2668 imperatores
1627 2607 1728 2651 istos

408 2706 417 2722 ¹
443 2709 454 2729 1
469 2698 558 2733 Petr.
575 2709 619 2739 iv,
642 2709 692 2743 ¹7·
706 2717 748 2724 —
767 2706 779 2721 ²
800 2700 879 2733 Luc.
899 2710 959 2739 xit,
979 2709 1030 2732 20.
1051 2717 1090 2724 -
1111 2701 1124 2723 3
1139 2699 1222 2733 Psal.
1245 2711 1268 2738 ι,
1287 2702 1320 2735 5.
