1800 3236
368 364 389 393 1
402 348 453 393 16
720 400 723 403 ¹
740 403 742 406 y
916 359 948 388 s.
980 359 1180 390 *Aunnosu

363 441 495 499 pisset
517 438 703 489 avaritia,
728 451 812 480 non
833 437 1001 496 ligasset
1023 439 1156 484 dolus.
1189 436 1229 480 Is
1252 437 1364 481 solus
1380 446 1476 482 ‘erat
1493 436 1634 488 Jesu8,
1658 438 1730 496 qui

367 525 467 555 cum
495 510 623 568 hujus
645 509 781 552 carnis
803 524 848 551 se
874 508 1224 552 circumdedisset
1249 509 1452 560 vinculis,
1477 516 1624 569 captus
1643 525 1732 554 non

368 588 481 631 erat,
507 595 594 623 non
625 588 715 622 erat
737 579 927 637 alligatus
950 594 961 620 :
984 580 1058 622 sed
1081 579 1326 638 dirumpens
1349 595 1398 623 ea
1424 589 1549 638 atque
1582 581 1734 623 dissol-

367 665 491 700 vens,
516 651 569 693 ad
595 665 639 692 se
671 648 802 707 magis
829 649 992 692 vocavit
1021 649 1256 693 Ecclesiam
1274 651 1548 710 'prospiciens
1570 666 1646 710 per
1670 651 1734 703 lae

367 735 523 780 queos,
551 720 741 762 eminens
769 734 896 778 supra
920 719 1025 762 ictia
1041 736 1054 770 ;
1087 728 1137 763 ut
1163 729 1206 764 et
1230 720 1319 779 ipsa
1348 720 1734 781 disceretvinculis

365 804 453 832 non
474 790 620 832 teneri.
641 789 834 847 Denique
855 805 906 834 eo
929 806 1064 848 usque
1085 806 1171 834 non
1193 793 1317 850 longe
1335 807 1357 835 a
1373 792 1553 836 vinculis
1569 791 1671 841 suit,
1688 799 1737 836 ut

364 876 442 919 pro
460 853 581 903 nobis
598 860 758 904 subiret
779 869 822 903 et
842 868 1023 904 mortem
1045 877 1054 904 ε
1082 862 1155 905 sed
1177 871 1319 906 tamen
1347 878 1434 906 non
1452 877 1595 906 servus
1615 872 1737 906 mor-

368 933 422 975 tis
442 931 617 975 effectus
632 965 645 983 ,
666 931 742 975 sed
757 931 866 974 liber
887 931 996 975 inter
1020 941 1238 983 mortuos;
1262 934 1371 977 liber
1391 934 1505 979 enim
1524 937 1640 983 eir-att,
1665 931 1738 990 qui

369 1002 579 1044 solvendae
600 994 748 1045 mortis
776 1001 1243 1060 potestatemhabebat.
1265 1003 1459 1062 Denique
1483 1004 1572 1062 ipse
1593 1012 1637 1046 te
1660 1004 1740 1045 do·-

368 1080 484 1122 ceat,
514 1071 585 1130 qui
609 1072 665 1115 ait
686 1087 696 1114 2
721 1089 737 1112 «
760 1072 918 1116 Solvite
942 1073 1025 1116 hoc
1043 1075 1249 1132 templum
1268 1106 1279 1124 ,
1308 1083 1351 1117 et
1371 1074 1413 1117 in
1436 1074 1577 1119 triduo
1600 1088 1740 1117 resus-

369 1161 387 1181 η
402 1141 542 1185 citabo
559 1135 704 1187 illud².
725 1162 741 1184 »
1493 1173 1497 1194 .-
1717 1177 1720 1182 ·

428 1211 590 1255 XXIII.
621 1212 854 1258 Audiamus
891 1215 1035 1273 itaque
1067 1214 1170 1274 quid
1199 1217 1313 1260 dicat
1339 1233 1349 1260 :
1374 1235 1391 1258 «
1415 1218 1583 1276 Exurge
1606 1251 1617 1269 ,
1646 1218 1744 1264 veni

370 1282 590 1339 »proxima
608 1282 728 1325 mea²
748 1317 759 1334 ,
782 1284 892 1326 uhoc
913 1294 992 1335 est,
1018 1301 1142 1345 surge
1166 1302 1187 1329 a
1209 1287 1410 1340 mortuis,
1433 1303 1589 1348 exurge
1606 1305 1628 1333 a
1649 1289 1745 1334 vin-

373 1351 503 1401 culis,
527 1348 681 1410 quibus
706 1353 968 1397 circumdata
997 1356 1221 1400 tenebaris.
1255 1374 1270 1397 α
1292 1357 1485 1417 Exurge;
1500 1377 1522 1400 -»
1543 1359 1644 1416 ‚quia
1665 1374 1744 1417 ego

371 1423 584 1466 resurrexi
613 1424 689 1466 tibi
711 1441 720 1465 ι
748 1427 861 1468 solve
882 1425 1102 1470 vinculum
1129 1428 1389 1485 iniquitatis;
1408 1429 1524 1487 ,quia
1548 1445 1629 1489 ego
1656 1430 1745 1488 jam

374 1493 479 1535 solvi
498 1493 587 1537 tibi.
619 1511 635 1533 «
663 1493 793 1546 Vcni3
816 1496 944 1553 »quia
970 1496 1058 1554 jam
1079 1498 1183 1540 retia
1211 1500 1348 1542 soluta
1380 1507 1491 1545 sunt.
1520 1498 1651 1558 Virgo
1668 1516 1747 1558 spe-

371 1563 498 1620 perit,
522 1579 630 1622 puer
650 1573 772 1607 natus
799 1581 850 1608 ex
866 1565 1037 1624 Virgine
1054 1575 1129 1610 est.
1157 1567 1272 1611 Nihil
1293 1569 1421 1612 debet
1438 1569 1639 1620 muliebri
1658 1569 1750 1615 haess:

375 1634 572 1678 reditati:
593 1636 712 1692 quasi
734 1636 844 1680 filius
867 1638 1057 1682 mulieris
1078 1654 1167 1681 non
1187 1647 1369 1682 tenetur.
1399 1639 1538 1684 Cerne
1557 1641 1753 1686 medium
1790 1680 1795 1688 .

374 1705 582 1763 parietem
604 1707 797 1750 macerie
814 1708 901 1764 jam
919 1709 1131 1758 solutum,
1154 1710 1228 1766 qui
1251 1710 1503 1762 interiorum
1520 1711 1754 1758 affectuum

381 1777 655 1820 concordiam
677 1777 908 1828 dividebat,
926 1787 968 1821 et
988 1779 1031 1821 in
1053 1780 1269 1824 diversum
1291 1781 1503 1830 excitabat
1522 1783 1751 1832 dissensio-

378 1862 454 1890 nes
473 1849 757 1907 corporalium
769 1849 1025 1906 passionum.
1051 1850 1154 1894 Veni
1172 1866 1271 1909 ergo
1288 1867 1452 1903 secura,
1470 1854 1596 1912 cupio
1608 1854 1752 1902 videre

381 1916 533 1960 faciem
558 1926 692 1968 tuam,
713 1928 755 1962 et
778 1920 922 1963 audire
944 1936 1091 1978 vocem
1113 1930 1253 1965 tuam:
1274 1923 1384 1974 veni,
1410 1924 1558 1982 utjam
1579 1935 1755 1972 menon

382 2002 460 2043 per
487 1987 590 2030 ietia
623 1988 794 2039 videas,
825 1992 898 2033 scd
926 1991 1034 2034 facie
1065 1993 1118 2034 ad
1149 1991 1300 2035 facicm
1335 1995 1519 2038 vultibus
1557 1996 1752 2043 amatoris

386 2057 538 2100 dilecta
568 2058 752 2116 potiaris.
781 2060 931 2103 Ethice
966 2061 1042 2105 ista
1075 2063 1251 2105 decuisa
1277 2063 1371 2107 sint.
1404 2065 1580 2123 Mystica
1612 2075 1755 2114 autem

386 2127 455 2171 illa
477 2127 510 2169 si
531 2142 770 2185 possumus,
797 2132 860 2173 vel
882 2132 990 2174 linea
1015 2132 1257 2176 intueamur
1278 2143 1464 2180 extrema
1491 2137 1598 2194 (26).
1755 2171 1757 2173 ψ

451 2197 610 2242 XXIV.
649 2198 861 2243 Sedebat
851 2210 957 2244 intra
985 2203 1157 2246 domum
1176 2203 1361 2262 Sponsa,
1383 2206 1533 2249 devota
1553 2182 1752 2257 Domino,

389 2267 472 2310 inu
476 2283 496 2310 a
512 2268 715 2326 parietem
732 2270 853 2329 Legis
871 2281 912 2314 et
933 2273 1266 2332 prophetalium,
1293 2276 1542 2334 spiritalium
1564 2278 1757 2336 lapidum

390 2338 722 2383 exaedificatione
743 2341 982 2393 fundatum,
1003 2345 1074 2402 qui
1096 2347 1460 2406 claudebatatque
1483 2348 1664 2400 vallabat
1686 2349 1756 2391 do-

388 2422 508 2451 mum
535 2410 718 2468 regiam,
740 2407 911 2470 plenam
933 2413 1209 2471 jucunditatis
1234 2425 1358 2475 atque
1378 2417 1561 2461 laetitiae„
1581 2416 1756 2470 Miraba÷

389 2485 457 2519 tur
471 2478 689 2523 thesauros
702 2482 854 2540 regios,
869 2491 912 2526 et
929 2484 1173 2528 intuebatur
1186 2487 1382 2538 sollicite,
1404 2487 1583 2547 cupiens.
1596 2487 1759 2547 sapien<

386 2548 516 2599 tiam,
549 2565 643 2608 quae
674 2551 749 2595 has
784 2552 864 2596 sihi
902 2554 1065 2599 divitias
1097 2558 1429 2608 demonstraret,
1460 2558 1678 2603 asciscere.
1707 2559 1758 2601 In

386 2628 551 2664 secreto
583 2631 701 2673 erat,
735 2626 809 2669 sed
843 2626 994 2669 secreti
1028 2627 1157 2686 ipsius
1187 2628 1462 2687 interpretem
1495 2629 1758 2689 requirebat.v

431 2711 557 2747 ¹J03n.
576 2725 611 2752 n,
636 2726 684 2759 ¹9·
704 2725 775 2743 -Ὦ
797 2717 891 2754 Cant.
910 2729 949 2757 ιι,
973 2729 1021 2752 ιο.
