1800 3236
371 378 388 408 ι
400 379 418 405 x
429 362 455 414 4
916 374 946 403 s.
985 369 1178 403 Aimnosu
1234 404 1242 412 „

357 468 515 514 preces
547 449 724 511 Sponsae
749 451 1058 509 blanditiasque
1086 465 1170 494 non
1204 446 1437 508 spreverit,
1471 427 1624 498 dilecta
1654 424 1732 492 sibi

357 525 497 567 ubera
515 522 800 582 praedieantis‚
820 530 944 580 atque
961 523 1004 565 in
1021 522 1220 572 interiora
1243 521 1394 570 domus
1415 527 1512 565 eam·
1526 513 1734 582 benignus

356 593 609 643 induxerim
642 593 824 651 denique
858 602 1061 652 tanquam
1093 592 1325 636 lascivienti
1365 591 1519 636 ludens
1556 586 1718 635 amore
1721 624 1733 642 ,

359 666 462 724 qnia
496 665 595 708 velit
625 671 865 722 pertentare
906 680 1051 707 sensus
1088 664 1291 714 amantis,
1317 678 1427 723 saepe
1463 648 1656 723 egressus
1689 666 1749 705 ut'

364 744 624 793 quaererctur
653 750 673 776 a
708 735 870 793 Sponsa
889 769 898 785 ,
931 750 1040 794 saepc
1078 750 1292 793 regressus
1322 743 1371 778 ut
1399 725 1650 793 invitaretur
1683 732 1737 778 ad

366 808 528 856 oscula,
555 805 731 849 astiteiit
752 814 846 864 post
865 803 1094 864 parietem,
1118 804 1385 865 prospexerit
1409 820 1485 865 per
1505 797 1734 876 fenestras,

358 879 557 921 :eminens
595 890 721 936 sapei
749 877 893 934 retia·
881 910 893 927 ‚
933 886 981 920 ut
1012 892 1098 920 non
1138 885 1253 920 totus
1284 878 1473 929 abesset,
1500 892 1582 921 nec
1618 874 1738 936 quasi

358 957 481 992 2totus
519 948 726 998 intraret,
770 955 813 990 et
842 947 930 1005 ipse
968 949 1019 991 ad
1049 963 1092 990 se
1128 948 1335 1007 Sponsam
1356 955 1555 998 vocaret,
1592 947 1642 991 ut'
1664 955 1739 990 've-

366 1020 512 1064 niendi
530 1021 583 1062 ad
598 1034 643 1062 se
666 1018 850 1062 invicem
871 1017 1022 1061 fierent
1044 1019 1225 1077 gratiora
1249 1013 1534 1070 commercia,
1560 1017 1738 1062 amoris-

367 1108 471 1150 que.
466 1091 563 1135 vim
595 1090 755 1133 mutuis
786 1090 1006 1133 adolelent
1037 1091 1309 1134 sermonibus
1345 1091 1474 1149 (24)·
1464 1123 1474 1134 .
1501 1108 1517 1131 α
1537 1090 1705 1149 Exurge
1725 1122 1737 1139 ,

359 1162 568 1220 amque,
608 1161 706 1205 veni
748 1159 939 1220 proxima
976 1176 1102 1212 mea,
1145 1160 1330 1204 formosa
1370 1174 1466 1204 mea
1491 1193 1502 1212 ,
1541 1152 1741 1224 columba

370 1234 550 1287 »meast
568 1252 585 1275 >v
1719 1283 1724 1293 Ι

429 1304 552 1353 ΧΙΧ.
590 1304 642 1348 Et
663 1313 710 1347 tu
741 1304 775 1347 si
801 1304 957 1348 habeas
988 1303 1214 1347 fundatum
1243 1302 1449 1365 parietem
1468 1336 1479 1354 ,
1510 1295 1740 1362 non-illum

366 1377 555 1423 medium
574 1376 645 1434 qui
664 1378 815 1419 domus
832 1376 957 1418 unius
979 1391 1101 1434 sep‘u
1103 1385 1145 1419 et
1162 1377 1372 1426 membra,
1392 1376 1467 1420 s'ed
1481 1367 1740 1428 aedificatum

370 1462 495 1506 supra
532 1447 858 1489 fundamentum
899 1446 1202 1504 Apostolorum
1244 1455 1287 1491 et
1322 1435 1679 1506 Prophetarum3
1693 1455 1767 1503 ut,

364 1517 665 1575 compaginata
691 1517 784 1575 ejus
807 1524 1018 1560 structura
1041 1526 1219 1561 crescat
1229 1517 1271 1561 in
1301 1517 1534 1576 templum,
1559 1523 1640 1561 nec
1654 1504 1743 1566 dis-

367 1589 569 1631 terminet
597 1587 688 1645 ejus
720 1588 913 1637 iuterna,
939 1589 1013 1631 sed
1033 1588 1231 1632 muniat.
1265 1588 1299 1632 si
1320 1588 1476 1632 habeas
1504 1603 1605 1648 ergo
1635 1588 1676 1634 iu
1701 1589 1743 1632 te

370 1658 695 1702 aedificationem
715 1659 793 1701 Dei
809 1666 885 1708 ‚et
906 1661 959 1701 ad
982 1659 1202 1702 Orientem
1227 1667 1399 1718 pateant
1416 1675 1584 1718 semper
1609 1649 1743 1706 senes-

371 1739 447 1773 περ
464 1738 574 1778 tuae3
596 1729 712 1772 venit
728 1729 917 1772 Verbum
932 1761 944 1778 ,
971 1737 1052 1772 stat
1069 1737 1165 1788 post
1187 1738 1309 1772 tuum
1334 1728 1540 1787 parietem
1554 1747 1570 1768 «
1589 1729 1744 1786 (Oculi

371 1801 516 1844 »enim
545 1799 716 1844 Domini
753 1814 878 1858 super
906 1799 1040 1858 justos
1065 1799 1079 1821 ²
1110 1801 1124 1860 )
1151 1818 1167 1841 »
1202 1799 1406 1860 prospicit
1433 1814 1510 1860 per
1538 1799 1744 1861 fenestras

375 1881 487 1916 tuas.
1398 1883 1401 1886 ’
1731 1864 1733 1872 ²

431 1944 531 1988 XX.
565 1943 670 1996 Quae
699 1939 796 1986 sunt
832 1941 1025 1987 fenestra}
1054 1941 1178 1988 istzc?
1208 1943 1406 2004 Legimus
1434 1936 1746 1998 fenestrasss'de

376 2014 530 2073 quibus
555 2014 658 2057 dicit
677 2013 936 2058 Hieremias:
965 2033 980 2055 t<
1001 2015 1178 2059 Intravit
1199 2030 1313 2060 mors
1334 2032 1411 2075 per
1431 2015 1699 2077 fenestrasf,
1717 2034 1734 2058 ι»

378 2102 456 2145 per
477 2101 579 2143 quas
603 2086 774 2129 intravit
798 2086 994 2137 avaritia,
1023 2086 1194 2131 intravit
1214 2087 1361 2132 libido.
1387 2078 1549 2133 Oculus
1570 2089 1668 2132 tuus'
1690 2085 1747 2139 fe}

375 2168 516 2203 nestra
539 2167 616 2209 cst,
636 2157 805 2200 intravit
828 2173 941 2201 mors
964 2174 1040 2218 per
1061 2160 1235 2203 oculum
1252 2150 1393 2204 tuum.¹
1418 2151 1463 2204 Si
1480 2148 1747 2218 viderismu}

378 2231 524 2274 liorem
545 2231 595 2272 ad
616 2228 1006 2291 concupiscendum
1022 2246 1132 2283 eam,
1153 2231 1325 2276 intravit
1345 2238 1459 2276 mors
1476 2247 1552 2292 per
1573 2231 1746 2287 oculum

378 2311 514 2345 tuum.
541 2301 584 2344 Si
606 2301 759 2345 videris
786 2301 1095 2359 possessionem
1117 2301 1254 2347 viduae
1277 2304 1344 2347 vel
1364 2301 1556 2355 minoris,
1575 2311 1618 2346 et
1643 2304 1746 2346 con-

378 2372 562 2431 cupieris
598 2371 825 2421 invadere,
856 2371 1118 2416 indefensam
1146 2381 1301 2431 putans
1331 2370 1518 2416 aetatem
1527 2373 1645 2423 esse,
1659 2371 1748 2416 vel

381 2459 542 2492 sexum,
573 2441 586 2499 (
606 2443 678 2485 sed
700 2457 786 2484 non
806 2450 906 2485 sunt
918 2442 1157 2493 indefensi,
1182 2459 1287 2503 quos
1305 2442 1512 2492 Dominus
1531 2443 1626 2488 vult
1656 2436 1747 2502 esse

381 2514 574 2557 defensos
590 2515 605 2572 )
632 2513 766 2556 intrav
771 2513 802 2555 it
818 2528 932 2556 mors
949 2529 1024 2572 per
1045 2514 1285 2559 fenestram.
1312 2515 1358 2565 Si
1373 2494 1530 2577 videris
1549 2498 1748 2587 decorem

381 2584 593 2632 mulieris,
618 2591 691 2626 aut
715 2583 933 2627 thesauros
955 2585 1158 2635 minoris,
1183 2594 1226 2629 et
1254 2595 1347 2629 tuas
1369 2583 1614 2630 excitaveris
1636 2581 1749 2658 cupi„

382 2654 556 2702 ditatas,
586 2653 756 2696 intravit
776 2668 891 2696 mors
917 2669 995 2712 per
1020 2655 1263 2700 fenestram.
1299 2655 1420 2701 Sicut
1438 2659 1538 2736 ergo
1546 2641 1747 2736 p'erhaec

398 2746 548 2783 ,JGunh
568 2756 606 2788 ιι,
627 2756 678 2779 ιο
693 2763 735 2773 --
754 2754 767 2771 ²
787 2746 1070 2786 matum-,16
1087 2768 1126 2777 —-
1146 2749 1301 2784 ³.Jerem
1317 2761 1367 2793 xx,
1386 2760 1438 2785 21.
