1800 3236
332 278 393 332 ’40
885 286 919 315 s.
956 282 1147 314 Aunnosn

333 380 424 418 mat
441 403 452 420 ‚
485 368 714 428 sicutipse
738 366 821 411 ait:
847 382 864 406 α
890 364 927 410 Α
951 365 1080 408 modo
1107 362 1302 408 videbitis
1327 360 1484 409 Filium
1512 362 1699 408 hominis

333 464 350 487 n
364 432 580 488 sedentem
597 441 650 484 ad
671 440 885 482 dexteram
909 435 1075 480 virtutis
1091 434 1123 477 ¹.
1145 453 1161 475 n

375 500 463 558 '111.
503 512 597 557 Non
624 518 688 554 est
723 517 865 552 tamen
893 507 1101 557 alienum,
1132 521 1211 550 nec
1243 521 1444 566 arrogans
1462 539 1474 558 ,
1509 505 1543 550 si
1569 507 1699 552 etiam

331 586 469 634 David
488 581 872 627 remunerationem
896 594 917 623 a
934 579 1117 622 Domino
1137 578 1228 622 Deo
1247 593 1324 622 suo
1344 593 1422 637 pro
1443 579 1621 638 egregiis
1641 579 1701 623 la-

333 655 509 702 boribus
535 652 732 713 postulet.
757 650 1038 709 Praerogativa
1066 656 1130 692 est
1150 648 1251 692 fidei
1280 657 1405 708 atque
1424 649 1699 708 justitiae‚·de

331 726 504 774 Domini
527 725 669 769 favore
691 723 935 766 mercedem
963 737 1183 780 usurpare.
1210 720 1403 780 Denique
1427 720 1701 782 reprehendi-

331 809 404 845 tur
419 799 593 847 Petrus3
618 794 715 854 quia
735 809 862 853 super
887 792 1044 837 ssuctus
1066 793 1286 842 ambulans
1303 792 1336 844 ²,
1361 792 1551 836 humano
1566 792 1701 852 magis

332 869 541 917 dubitavit
562 867 734 918 affectu,
754 881 881 924 quam
899 864 1130 924 apostolica
1150 864 1401 908 auctoritate
1417 864 1695 924 praesumpsit.

330 942 381 985 In
399 939 626 997 Evangelio
644 952 812 996 quoque
828 937 1035 988 docemur
1055 935 1215 979 habere
1234 933 1382 986 fidem,
1405 944 1450 979 et
1469 951 1556 980 non
1576 936 1703 980 haesi-

330 1019 422 1055 tare
453 1011 504 1053 de
526 1009 575 1052 iis
598 1024 692 1066 quae
718 1023 843 1067 supra
870 1007 1090 1051 hominem
1121 1006 1248 1051 sunt⁸
1271 1040 1282 1057 ‚
1307 1007 1514 1066 gerendis.
1549 1007 1702 1051 Merito

332 1094 433 1139 ergo
455 1079 591 1122 David
616 1079 659 1122 in
687 1077 996 1137 superioribus,
1015 1077 1133 1136 quasi
1154 1077 1295 1121 adhuc
1319 1077 1610 1136 imperfectus,
1635 1092 1704 1120 se-

333 1150 524 1196 cundum
540 1149 802 1208 peccatasibi
823 1150 944 1192 reddi
964 1149 1135 1207 refugit,
1148 1156 1275 1206 atque
1286 1147 1500 1192 declinat*
1520 1163 1530 1191 ε
1552 1147 1596 1191 in
1618 1147 1702 1191 hoc

334 1230 477 1266 autem
503 1221 669 1264 Psalmo
696 1220 769 1278 qui
801 1228 864 1263 est
891 1220 1099 1279 posterior
1115 1224 1133 1270 ,”
1158 1218 1277 1277 quasi
1307 1219 1508 1279 fundatus
1537 1217 1703 1263 virtutis

334 1308 562 1353 processu,
589 1292 766 1336 retribui
794 1292 874 1335 sibi
901 1293 1136 1335 secundum
1168 1290 1292 1341 fidei,
1316 1291 1539 1350 operisque
1565 1298 1705 1335 certa-

336 1364 450 1408 mina
469 1364 734 1422 deprecatur.
756 1361 975 1420 Siquidem
991 1362 1118 1405 etiam
1133 1361 1287 1405 Paulus
1305 1361 1378 1421 qui
1396 1370 1494 1406 ante
1514 1361 1700 1406 dixerat:

348 1452 366 1475 α
387 1433 481 1479 Non
504 1449 597 1476 sum
620 1433 770 1491 dignus
792 1433 934 1485 vocari
956 1432 1184 1491 Apostolus
1200 1433 1212 1454 ⁵
1236 1467 1245 1483 ,
1267 1451 1283 1474 »
1308 1441 1452 1492 postea
1474 1433 1560 1477 ait:
1584 1451 1601 1473 α
1619 1432 1704 1477 Re-

336 1524 353 1545 »
367 1504 502 1563 posita
518 1512 582 1547 est
599 1504 705 1546 mihi
722 1518 875 1546 corona
899 1502 1087 1561 justitiae,
1113 1518 1240 1561 quam
1260 1504 1407 1547 reddet
1427 1503 1532 1546 mihi
1553 1502 1705 1546 Domi-

334 1594 353 1619 »
366 1591 445 1621 nus
467 1575 510 1618 in
532 1575 600 1618 illa
623 1575 705 1625 die,
721 1575 858 1633 justus
875 1574 900 1618 J
905 1576 987 1619 ude
1006 1590 1046 1623 x:
1063 1590 1149 1617 non
1173 1577 1309 1619 solum
1326 1583 1468 1620 autem
1484 1575 1606 1626 mihi,
1630 1575 1705 1620 sed

334 1654 407 1689 »et
440 1644 499 1688 eis
529 1645 602 1703 qui
624 1645 802 1703 diligunt
829 1637 1057 1688 adventum
1083 1645 1176 1703 ejus
1199 1644 1230 1689 ⁶.
1263 1664 1279 1686 »
1300 1646 1354 1689 Et
1385 1646 1614 1705 Apostolus
1643 1645 1704 1689 ibi

334 1715 584 1774 pollicetur,
607 1714 677 1757 hic
699 1722 840 1757 autem
861 1714 1143 1758 verecundius
1167 1715 1307 1758 adhuc
1332 1724 1533 1775 precatur
1553 1731 1563 1759 ε
1589 1717 1705 1775 quod

335 1787 485 1844 utique
505 1800 591 1829 non
613 1785 830 1828 insolentis
852 1786 1117 1845 arrogantiae,
1140 1788 1215 1830 sed
1237 1787 1475 1832 innocentis
1490 1796 1555 1832 est
1575 1804 1703 1832 cons-.-

336 1858 502 1901 cientiae
524 1858 576 1900 ab
599 1857 688 1916 ipso
711 1857 781 1900 cui
803 1857 994 1901 servieris
1009 1891 1020 1908 ,
1045 1866 1191 1916 petere
1209 1861 1453 1902 mercedem
1471 1877 1484 1910 ς
1504 1861 1703 1918 quoniam

337 1929 564 1986 desperare
591 1927 781 1985 segnitiei
814 1936 877 1972 est
902 1930 1078 1973 materia
1100 1945 1110 1972 :
1137 1945 1307 1989 sperare
1332 1938 1496 1982 autem,
1521 1931 1704 1976 incenti-

334 1999 435 2041 vum
453 1997 608 2041 laboris
625 2006 702 2041 est.

394 2066 468 2111 IV.
501 2067 602 2111 Pete
622 2068 749 2126 igitur
777 2068 1064 2120 confidenter,
1088 2070 1122 2114 si
1147 2072 1299 2115 merita
1321 2072 1632 2133 suffragantum
1654 2083 1703 2119 ut

333 2136 432 2180 talia
463 2138 647 2194 petendo
677 2138 905 2182 studiosius
939 2140 1153 2190 elabores,
1185 2143 1300 2199 quod
1329 2158 1377 2186 ea
1414 2143 1618 2202 petitione
1646 2144 1702 2187 sis

334 2206 511 2264 dignior.
547 2207 653 2259 Quis
685 2209 841 2252 athleta
869 2209 902 2252 si
934 2211 1127 2269 desperet
1151 2226 1353 2255 coronam
1371 2246 1382 2263 ‚
1405 2215 1637 2258 descendat
1657 2214 1701 2258 in

329 2276 542 2319 stadium:
577 2285 648 2320 aut
670 2277 703 2320 si
730 2292 823 2319 eam
843 2282 1028 2338 postulet
1056 2282 1216 2332 victor,
1249 2282 1473 2327 offendat?
1499 2285 1700 2329 Probatio

330 2362 448 2405 spem
470 2346 586 2397 facit,
611 2363 704 2406 spes
726 2348 1041 2396 confidentiam.
1067 2353 1094 2396 J
1098 2353 1179 2396 usti
1205 2369 1305 2413 ergo
1329 2356 1422 2399 talis
1445 2356 1580 2399 oratio
1602 2366 1696 2402 est·

329 2418 566 2461 delectatur
579 2418 787 2462 Dominus
810 2420 883 2463 tali
907 2422 1180 2480 precatione,
1203 2432 1252 2467 ut
1275 2439 1354 2483 pro
1379 2426 1564 2485 puritate
1593 2442 1700 2472 con—

330 2486 519 2531 scientiae
541 2489 674 2532 utaris
696 2490 960 2535 auctoritate.

375 2587 531 2621 mmuh
547 2590 713 2631 xxv1,64·
735 2592 877 2627 —·.1d
894 2604 963 2636 xiv,
977 2595 1034 2632 3'1.
1049 2614 1091 2623 —
1110 2597 1218 2633 ³Luc.
1231 2599 1363 2642 xvn,6.
1379 2599 1552 2636 —⁴Psal.
1568 2610 1627 2643 cu,
1643 2613 1692 2638 ιο.

323 2641 644 2689 —5100r.xv,9.
666 2647 975 2695 —52Tim31v‚8.
