1800 3236
449 314 667 357 nxrosrrio
697 326 740 356 ιιι
772 311 960 356 asinum!
992 327 1136 357 cxviii.
1386 310 1475 373 293

59 461 67 472 ι
113 410 263 454 oculus
282 416 406 457 tuus,
437 406 512 465 qui
535 407 711 450 lucerna
748 414 814 449 est
841 406 905 449 tui
933 388 1135 465 corporis.
1171 407 1323 451 Multas
1346 408 1479 463 habes

111 481 330 530 lucernas,
357 478 545 522 accende
580 471 750 526 omnes}
784 477 884 534 quia
912 475 1077 520 dictum
1103 485 1167 520 est
1202 477 1280 520 tibi
1312 493 1322 520 ε
1339 497 1355 517 ι
1368 471 1371 474 ’
1384 480 1481 523 Sint

113 549 423 595 »lumbirvestri
452 547 702 608 praecincti,
719 555 763 590 et
785 546 973 608 lucernae
1001 555 1150 590 vestrae
1173 548 1370 591 ardentes
1389 549 1424 592 ¹.
1452 568 1470 591 ι

113 621 226 675 Quia
239 621 383 664 multae
394 627 494 662 sunt
509 618 696 662 tenebrae
710 651 722 668 ,
739 618 883 675 multae
900 618 1194 661 suntlucernae
1203 614 1476 670 necessariae3

111 700 161 735 ut
178 691 431 739 meritorum
453 688 705 732 nostrorum.
721 689 764 731 in
785 688 912 732 tantis
925 687 1112 732 tenebris
1132 689 1279 732 lumen
1293 686 1472 746 eluceat.

113 761 220 804 Istas
237 759 540 819 lucernasLex
559 757 811 817 significavit
831 773 1000 819 semper
1020 760 1166 802 lucere
1182 759 1339 802 debere
1360 759 1402 802 in
1422 758 1482 803 ta'-

113 831 346 874 bernaculo
378 829 628 874 Testimonii
643 861 656 877 ,
690 827 777 889 non
812 829 904 871 illas
930 843 1034 887 quas
1061 828 1088 871 J
1093 829 1200 872 udaei
1237 831 1481 886 accendunt
1504 821 1509 823 ⁴

113 900 303 959 quotidie
324 899 355 943 ‚⁴.
377 917 395 939 ι
408 899 494 941 111ae
514 899 593 941 sub
614 898 768 940 umbra
785 899 957 949 lucent,
982 907 1025 942 et
1046 899 1353 958 extinguuntur
1374 899 1483 957 quo'-

114 970 217 1014 tidie
230 986 245 1020 3
267 969 364 1027 quia
391 969 509 1027 quod
531 968 716 1017 faciunt,
737 973 825 1011 non
848 963 995 1030 vident
1017 985 1027 1011 :
1053 971 1168 1027 quod
1189 970 1358 1028 legunt,
1386 984 1486 1012 nes-

115 1041 262 1090 ciunt,
292 1040 549 1098 accipientes
565 1041 801 1082 secundum
817 1039 1141 1102 litteram'quod
1161 1033 1404 1100 praecipitur
1422 1055 1485 1083 se-

116 1114 308 1157 cundum
329 1112 539 1170 spiritum.
560 1112 902 1174 Tabernaculum
924 1112 1038 1155 enim
1058 1112 1308 1171 Testimonii
1330 1127 1486 1171 corpus

116 1184 201 1227 hoc
220 1191 412 1227 nostrum
432 1191 520 1232 est,
543 1182 587 1224 in
602 1174 689 1239 quo
713 1182 907 1225 Christus
929 1183 1119 1232 advenit,
1145 1197 1223 1241 per
1241 1182 1421 1240 amplius
1441 1189 1486 1224 et

115 1255 344 1314 pei-sectius
375 1254 695 1297 tabernaculum
711 1286 723 1302 ‚
747 1253 856 1296 sicut
876 1241 1080 1312 scriptum
1104 1263 1193 1303 est3
1218 1262 1267 1296 ut
1288 1268 1364 1311 per
1385 1269 1486 1296 san-

115 1325 288 1395 guinem
305 1339 430 1368 snum
445 1324 621 1366 intraret
631 1338 675 1366 ιιι
687 1323 869 1367 sancta³
884 1332 961 1373 ‚et
982 1323 1483 1367 conscientiamnostram

116 1397 170 1441 ab
192 1396 309 1439 omni
328 1410 457 1454 opere
473 1403 741 1458 mortuorum
765 1402 808 1437 et
822 1394 920 1456 labe
938 1396 1189 1449 mundarem
1205 1409 1301 1454 quo
1318 1394 1367 1436 in
1386 1408 1486 1436 cor-

115 1467 291 1526 poribus
307 1465 487 1514 nostris,
503 1480 597 1522 quae
613 1479 788 1506 suorum
808 1464 1051 1507 testimonio
1066 1473 1110 1506 et
1130 1464 1345 1523 qualitate
1347 1463 1488 1505 sacto-

116 1550 213 1580 rum
239 1535 557 1601 cogitationum
554 1532 807 1577 nostrarum
828 1533 1076 1576 abscondita
1086 1542 1130 1576 ct
1145 1534 1314 1576 occulta
1330 1539 1485 1574 testan—

117 1615 202 1659 tur,
216 1600 489 1649 lucernarum
501 1605 630 1648 modo
637 1605 780 1647 luceat
789 1595 1031 1646 nostrarum
1046 1594 1120 1646 lux
1129 1603 1242 1644 clara
1256 1602 1479 1645 virtutum'.

117 1679 212 1721 lstae
238 1685 338 1720 sunt
369 1676 555 1719 lucernae
577 1673 795 1723 ardentes,
821 1689 915 1732 quae
940 1674 1008 1716 die
1025 1688 1075 1716 ac
1097 1682 1222 1716 nocte
1250 1673 1294 1715 in
1317 1674 1479 1742 templo

116 1749 196 1792 Dei
231 1750 389 1791 lucent.
430 1747 474 1790 Si
508 1747 716 1804 templum
754 1745 834 1788 Dei
869 1746 913 1787 in
949 1760 1128 1803 corpore
1157 1752 1233 1787 tuo
1260 1759 1426 1792 servaS,
1453 1743 1489 1786 si

117 1820 312 1865 membra
341 1827 413 1861 tua
440 1817 635 1861 membra
656 1824 756 1880 sunt
788 1815 969 1864 Christi,
998 1817 1146 1858 lucent
1167 1814 1343 1856 virtutes
1373 1822 1485 1862 tuae,

117 1905 222 1948 quas
249 1889 391 1932 nullus
425 1879 660 1945 extinguit,
697 1886 778 1928 nisi
804 1899 875 1928 eas
905 1880 1032 1927 tuum
1054 1884 1217 1927 crimen
1243 1883 1479 1926 extinxerit.

117 1960 210 2004 Hoc
234 1958 395 2002 lumine
418 1966 543 2000 castae
571 1956 726 1999 mentis
762 1964 806 1998 et
831 1955 912 2013 piae
948 1944 1184 1998 devotionis
1206 1953 1487 1998 solemnitatis

118 2039 272 2074 nostrae
290 2029 395 2072 festa
412 2027 726 2094 resplendeant.

177 2100 274 2157 XII.
306 2099 467 2143 Luceat
487 2107 600 2154 ergo·
613 2110 781 2153 semper
801 2096 978 2138 lucerna
1002 2103 1087 2139 tua.
1118 2094 1271 2153 Arguit
1292 2094 1485 2138 Christus

119 2171 248 2214 etiam
257 2185 329 2213 eos
338 2169 411 2226 qui
421 2175 600 2210 utuntur
606 2166 839 2230 lucernassi
849 2181 934 2208 non
946 2181 1115 2224 semper
1121 2167 1312 2215 utantur,
1325 2165 1486 2208 dicens:

132 2259 150 2282 ι
165 2242 259 2285 Sint
275 2239 410 2284 lumbi
423 2237 773 2296 vestripraecincti
784 2271 796 2287 ‚
811 2239 1048 2280 etlucernae
1069 2238 1276 2280 ardentes.
1291 2255 1308 2277 ι
1321 2237 1414 2280 Νοιι
1437 2237 1491 2279 ad

120 2312 271 2356 horam
296 2312 532 2354 exultemus
553 2308 596 2351 in
612 2308 785 2351 lumine.
809 2308 876 2351 Ad
894 2308 1044 2350 horam
1068 2308 1227 2350 exultat
1243 2340 1253 2354 ,
1277 2307 1350 2364 qui
1373 2307 1492 2348 audit

119 2383 304 2426 verbum
317 2381 360 2424 in
380 2379 585 2428 Ecclesia,
609 2386 652 2421 et
666 2380 1048 2436 gaudetzegressus
1070 2384 1212 2419 autem
1227 2376 1491 2418 obliviscitur

121 2453 239 2511 quod
257 2451 435 2500 audivit,
460 2459 504 2493 et
519 2449 707 2507 negligit.
731 2449 815 2492 Iste
831 2448 979 2505 estqui
1007 2447 1098 2490 sine
1112 2448 1285 2489 lucerna
1297 2446 1341 2488 in
1362 2447 1491 2488 domo

123 2538 199 2566 sua
214 2523 424 2572 ambulatu
443 2521 624 2578 ideoque
644 2520 689 2561 in
709 2519 897 2562 tenebris
912 2519 1123 2567 ambulat,
1137 2518 1210 2575 qui
1225 2532 1355 2575 opera
1368 2524 1490 2560 tene-

123 2594 300 2641 brarum
322 2592 423 2635 facit
436 2625 449 2643 ,
462 2592 507 2634 in
524 2589 947 2636 commessationibus
961 2598 1005 2631 et
1013 2586 1304 2638 ebrietatibus,
1323 2587 1367 2630 in
1376 2587 1493 2639 cubi-

173 2692 184 2709 ¹
201 2686 277 2719 Luc.
296 2695 358 2726 ιιι,
372 2683 428 2717 35.
443 2701 485 2709 -
502 2692 515 2708 ⁸
536 2681 639 2717 ond.
656 2693 759 2721 xxvii,
773 2683 881 2723 26.·—5
898 2683 913 2705 ³
930 2679 1037 2714 Hebr.
1053 2690 1103 2721 ix,
1123 2690 1134 2712 1
1147 2689 1173 2716 ι,
1194 2688 1246 2711 12.
1305 2689 1309 2693 ’
