1800 3236
325 277 377 325 72
875 272 906 306 s.
947 272 1139 306 Annaosn

323 357 437 405 enim
458 357 525 403 vel
539 356 813 403 hallucinatio
836 356 1135 414 videturlouga
1147 352 1339 413 quaedam
1361 367 1452 399 esse
1467 348 1685 398 meditatio

324 439 366 473 et
382 445 548 472 morosa
566 431 759 487 quaedam
777 427 930 470 mentis
948 426 1124 470 intentio
1145 441 1155 469 ε
1175 440 1197 468 a
1218 441 1301 484 quo
1321 440 1406 469 non
1427 427 1552 484 longe
1568 425 1686 469 abest

322 500 571 544 exercitium
586 533 596 549 ,
620 502 686 542 vel
708 498 860 547 animi,
888 499 954 541 vel
975 497 1175 556 corporis.
1203 495 1311 539 Nam
1333 504 1381 538 ut
1396 492 1466 538 ille
1483 495 1557 554 qui
1571 510 1686 539 exer-

325 579 394 614 cet
415 571 606 614 membra
626 585 699 612 sua
716 561 910 627 palaestra
924 601 935 618 ,
953 567 1109 610 diutius
1127 574 1320 616 exercet,
1336 574 1384 609 ut
1403 565 1577 609 roboret
1596 579 1607 608 ε
1624 565 1687 608 ita

323 641 397 700 qui
415 648 588 684 'exercet
614 647 800 683 mentem
821 639 864 681 in
885 637 1114 696 Scripturis
1137 636 1286 680 divinis
1300 669 1312 687 ,
1330 636 1398 679 vel
1416 636 1460 680 in
1483 634 1684 686 consitiis,-

331 713 488 757 diutius
509 727 707 755 exercere
729 711 867 753 debet.

383 783 497 827 XIV.
532 800 548 822 α
567 782 704 825 Exivit
731 781 774 824 in
799 795 997 839 campum
1019 781 1135 823 Isaac
1162 779 1194 822 ¹.
1223 778 1425 823 »Graecus
1446 780 1551 824 dixit
1569 781 1688 822 ἀδολε-

321 858 429 909 χῆσαι
456 869 466 897 :
491 854 664 898 Latinus
687 852 959 895 deambulare
975 884 986 898 .
1009 851 1078 894 vel
1098 849 1298 894 exerceri.
1331 850 1525 894 Rebecca
1545 852 1690 896 venie-

320 925 397 967 bat
423 939 432 966 :
463 933 587 982 typus
623 924 667 966 in
699 938 748 965 ea
775 921 1128 981 praefigurabatur
1156 920 1356 964 Ecclesiae
1388 937 1398 964 ε
1431 923 1691 980 parabantur

325 994 508 1053 nuptiae,
540 994 582 1036 in
609 994 762 1051 quibus
793 998 1105 1036 sacramentum
1140 991 1249 1035 foret
1285 993 1499 1052 magnum.
1522 993 1695 1038 'Videns

325 1062 570 1106 Patriarcha
598 1063 668 1106 illa
703 1062 929 1121 mysteria,
959 1062 1086 1105 exivit
1120 1062 1163 1105 in
1195 1077 1420 1121 compum,
1455 1062 1697 1106 diffundens

329 1133 605 1176 acrimoniam
617 1149 701 1176 suae
710 1134 864 1176 mentis
877 1165 888 1182 ,
906 1142 949 1176 et
962 1134 1238 1175 deambulans
1251 1132 1293 1175 in
1305 1132 1546 1176 innocentia
1557 1134 1698 1178 cordis

329 1203 407 1246 sui.
439 1203 622 1246 Diversis
649 1203 798 1260 utique
821 1203 1149 1261 cogitationibus
1175 1203 1400 1246 exercebat
1421 1200 1632 1254 animum}
1655 1212 1699 1247 et

331 1272 375 1315 in
405 1273 668 1320 mirabilibus
699 1274 910 1332 mysteriis
932 1274 1253 1316 delectabatur:
1281 1273 1403 1330 cujus
1433 1282 1483 1317 ut
1512 1273 1700 1318 imitator

333 1344 530 1386 evaderet
555 1352 725 1388 sanctus
747 1345 982 1403 Propheta,
1009 1344 1152 1387 doceri
1179 1343 1510 1402 *justificationes
1529 1342 1700 1394 Deflet

331 1414 441 1457 viam
463 1415 730 1476 justitiarum
754 1409 989 1459 coelestium
1011 1430 1268 1474 cognoscere
1291 1415 1522 1474 gestiebat3
1546 1424 1594 1459 ut
1612 1431 1700 1460 non

320 1485 538 1528 dormiret
561 1487 698 1528 anima
716 1486 808 1542 ejus
823 1487 968 1529 saeculi
987 1487 1325 1543 istius-somnum
1343 1503 1354 1535 ;
1373 1500 1452 1531 nec
1473 1485 1700 1529 mundaum

333 1561 481 1611 captus
504 1554 698 1598 vanitatis
727 1554 960 1604 illecebris,
986 1569 1007 1596 a
1036 1559 1330 1613 persequenda
1352 1557 1538 1598 veritatis
1565 1555 1701 1601 inten'-

333 1623 449 1665 tione
468 1623 689 1667 difflueret.

392 1693 487 1738 XV.
521 1695 616 1747 Qua
643 1695 806 1738 ratione
837 1710 937 1754 ergo
962 1696 1106 1739 doceri
1131 1696 1257 1746 velit,
1282 1696 1496 1740 subtexuit
1518 1695 1663 1742 dicens
1687 1714 1698 1742 ε

345 1780 361 1802 «
384 1762 565 1807 Stillavit
590 1765 728 1808 anima
752 1757 955 1824 meaiprae
985 1766 1110 1809 taedio
1136 1782 1145 1809 ε
1174 1765 1379 1809 confirma
1406 1782 1474 1810 me
1497 1767 1540 1810 iu
1562 1769 1701 1813 verbis

330 1850 350 1874 ι
365 1834 457 1877 tuis.
477 1834 647 1892 »Aliqui
663 1835 832 1878 codices
848 1836 1029 1886 babent,
1047 1854 1062 1877 «
1076 1837 1329 1880 Dormitavit
1344 1836 1358 1858 ²
1378 1854 1388 1886 ;
1413 1838 1508 1895 quia
1522 1837 1702 1889 iahed-&Era

336 1911 378 1945 et
395 1903 536 1951 {emisa
555 1906 719 1947 duabus
741 1906 891 1949 litteris
910 1907 1138 1949 dissonant.
1159 1907 1300 1950 Potuit
1317 1907 1524 1966 interpres
1541 1909 1607 1951 vel
1627 1922 1703 1950 an-

335 1975 540 2032 tiquarius
564 1977 744 2035 scriptor
768 1977 837 2020 hic
869 1978 955 2020 salli
979 1994 989 2019 ε
1012 1981 1194 2025 νυστάζειν
1229 1979 1415 2021 dormire
1445 1987 1539 2029 est,
1561 1981 1702 2026 στάζειν

336 2046 504 2088 stillare.
531 2046 764 2090 Perfectior
785 2050 871 2089 non
902 2047 1126 2097 dormitat,
1153 2049 1224 2105 qui
1247 2048 1395 2092 divinis
1424 2050 1613 2093 animum
1636 2049 1705 2093 in-

334 2117 473 2159 tendit
493 2117 716 2175 mysteriis.
746 2118 936 2175 Denique
959 2118 1047 2176 ipse
1059 2119 1158 2160 alibi
1176 2119 1278 2161 dicit
1299 2136 1331 2160 :»
1356 2119 1400 2162 Si
1421 2121 1578 2163 dedero
1595 2120 1701 2164 som-

333 2203 352 2227 »
366 2200 469 2229 num
490 2187 624 2230 oculis
646 2187 775 2238 meis,
804 2196 876 2231 aut
892 2188 1104 2246 palpebris
1125 2189 1229 2231 meis
1255 2190 1600 2235 dormitationem
1621 2191 1653 2234 ².
1675 2209 1693 2232 n

335 2255 423 2300 Sed
443 2256 585 2314 vigilat
617 2272 783 2315 semper
795 2274 807 2307 3
838 2266 880 2300 et
909 2258 941 2300 si
974 2273 1071 2300 caro
1104 2259 1284 2308 dormit,
1316 2275 1390 2302 cor
1418 2260 1574 2319 vigilat.
1609 2260 1704 2304 Non

338 2342 439 2384 ergo
467 2327 728 2377 dormiebat,v
753 2328 824 2385 qui
846 2329 1050 2386 templum
1075 2330 1258 2372 condere
1283 2330 1466 2373 Domino
1492 2331 1705 2389 cogitabat

335 2397 571 2439 verborum
598 2398 833 2440 coelestium
863 2398 1214 2450 exaedificatione,
1246 2416 1333 2443 non
1365 2401 1567 2459 lapidum.
1603 2402 1704 2445 Ver-

337 2466 442 2509 bum
461 2467 575 2509 enim
609 2467 686 2509 Dei
723 2469 1007 2526 repulsorium
1042 2470 1265 2517 taediorum
1296 2480 1379 2521 est,
1414 2488 1499 2530 quo
1529 2488 1702 2517 somnus

340 2536 488 2580 aniniae
502 2569 513 2587 ,
543 2553 669 2596 sopor
689 2528 842 2583 mentis
866 2540 1119 2584 excluditur.
1149 2541 1214 2584 Ex
1239 2542 1406 2586 tristitia
1428 2543 1542 2588 enim
1558 2546 1704 2589 et'sol-

385 2635 394 2652 ¹
416 2627 499 2661 Gen.
516 2638 607 2671 xxiv,
622 2628 675 2661 63.
689 2647 729 2654 ——
747 2640 760 2656 ⁸
776 2630 861 2667 Psat.
878 2641 995 2675 cuni,
1014 2630 1068 2666 28.
1092 2650 1131 2659 —-
1147 2633 1159 2655 ³
1176 2632 1228 2666 ld.
1253 2643 1362 2673 cxxxi,
1376 2632 1410 2673 4.
