1800 3236
362 275 448 319 386
918 283 948 312 s.
988 282 1178 332 suanos-11

358 374 462 411 tent.
480 364 672 422 Denique
684 363 728 406 in
740 361 994 420 Apocalypsi
1015 361 1190 404 <Ioannis
1210 359 1418 418 Dominus
1440 360 1492 402 ad
1512 359 1722 418 Angelum

357 436 566 483 Laodiciae
585 427 686 478 dicit
712 450 720 476 :
738 453 754 473 α
772 433 868 476 Scio
886 448 1011 491 opera
1033 441 1100 475 tua
1123 447 1132 474 :
1154 447 1290 489 nequo
1307 431 1483 489 frigidus
1499 447 1542 474 es
1555 464 1568 481 ‚
1586 446 1723 490 neque

358 527 375 550 ι)
389 507 562 551 calidus.
595 503 957 562 Utinam-frigidus
975 519 1085 546 esses
1100 536 1109 553 ‚
1135 511 1205 546 aut
1227 503 1388 546 calidus
1413 518 1423 544 ι
1450 504 1523 553 sed
1544 502 1642 560 quia
1658 511 1723 546 te—

357 578 511 637 »piclus
533 593 576 619 es
591 611 602 627 ‚
620 574 830 634 incipiam
855 583 895 617 te
921 589 1118 617 evomere
1139 588 1191 616 ex
1219 587 1294 615 ore
1313 587 1408 616 meo
1422 590 1434 622 ς
1462 572 1559 631 quia
1581 571 1685 617 dicis
1708 587 1718 615 :

359 649 514 692 »Dives
537 662 628 690 sum
644 680 655 697 ,
679 654 721 688 et
743 645 922 694 ditatus,
936 653 988 699 *et
1006 644 1162 687 nullius
1180 659 1283 702 egeo
1303 659 1312 686 :
1332 652 1374 687 et
1390 644 1527 689 nescis
1546 644 1661 702 quod
1676 652 1722 688 tu

355 737 373 759 ιι
388 733 431 761 es
455 717 605 766 miser,
629 725 671 758 et
694 715 943 765 miserabilis
959 747 970 765 ,
993 723 1036 758 ct
1056 714 1300 763 mendicus.
1331 723 1372 758 et
1393 716 1534 758 nudus
1549 748 1560 765 ‚
1583 722 1624 758 et
1647 729 1723 758 cae-

356 810 372 831 n
388 804 474 832 cus.
505 787 691 831 Consulo
710 787 783 830 tibi
798 821 807 836 ,
822 796 995 830 utemas
1012 801 1035 829 a
1050 801 1118 828 mc
1131 801 1280 828 aurum
1293 785 1390 845 igue
1404 784 1675 844 probatum¹.
1694 804 1711 829 ιι

353 859 434 904 Hic
455 867 518 902 est
539 858 619 901 Dei
650 859 764 901 zelus
778 891 789 907 ‚
812 847 968 900 hicest
990 855 1088 899 fidei
1109 871 1263 915 vapor,
1289 855 1608 913 devotionisque
1637 854 1722 899 fer-

353 946 452 981 vor,
476 929 646 988 quinos
680 930 794 972 velut
815 943 985 972 suavem
1019 928 1165 970 cibum
1198 927 1240 969 in
1274 926 1445 970 Christo
1474 925 1661 969 remollit
1679 933 1722 970 et

351 1002 521 1046 format.
550 1000 720 1053 Quanta
744 999 915 1043 Domini
937 998 1067 1058 gratia
1082 1032 1094 1049 ‚
1118 1006 1166 1041 ut
1195 1013 1271 1040 nos
1303 997 1344 1048 in
1368 1012 1445 1040 suo
1466 1011 1541 1040 ore
1561 995 1723 1040 consti·

350 1083 469 1125 tuat,
492 1082 535 1117 et
557 1074 762 1131 quasdam
790 1072 1042 1115 meritorum
1069 1080 1317 1119 nostrorum
1336 1070 1534 1129 epuletur
1563 1070 1718 1128 dapes;

351 1162 402 1190 ac
415 1179 426 1197 ,
451 1145 484 1189 si
505 1160 722 1188 meremur
737 1176 747 1193 ,
772 1145 968 1194 devoret,
992 1144 1025 1186 si
1045 1143 1176 1186 nostri
1194 1143 1277 1186 cibi
1295 1141 1572 1185 suavitatibus
1586 1135 1724 1184 delecss

349 1226 477 1262 tetur.
517 1218 674 1261 Beatus
706 1232 834 1274 quem
865 1215 1068 1274 sapientia
1101 1214 1396 1263 devoraverit,
1430 1227 1558 1271 quem
1589 1211 1720 1255 virtus

349 1288 561 1347 haus-erit,
579 1303 706 1346 quem
726 1287 887 1344 justitia
911 1284 1119 1343 receperit
1139 1300 1148 1327 :
1173 1286 1296 1343 culpa
1315 1284 1358 1327 in
1383 1300 1434 1327 eo
1453 1284 1613 1327 hahere
1633 1298 1720 1326 non

348 1367 489 1418 potest
505 1359 743 1418 portionem
760 1392 770 1408 ,
784 1373 911 1415 quem
930 1356 1196 1400 absorbuerit
1212 1355 1402 1400 remissio
1418 1363 1717 1414 peccatorum3

349 1430 425 1473 ubi
446 1430 559 1481 onim
580 1445 700 1472 error
720 1429 932 1479 inveniet,
956 1444 1083 1487 quem
1106 1427 1322 1486 integritas
1343 1426 1615 1470 immaculata
1633 1441 1721 1469 sus-

348 1501 511 1560 ceperit
524 1500 542 1543 ?
899 1507 902 1509 “

335 1623 337 1626 ,
407 1573 503 1618 XV.
539 1573 592 1616 Et
613 1571 714 1631 quid
731 1571 938 1615 miremur
959 1571 992 1614 si
1005 1570 1265 1629 Angelieum
1282 1569 1475 1614 habent?
1492 1569 1586 1630 lpse
1604 1571 1718 1614 Deus

343 1642 470 1690 Pater
491 1645 548 1688 ait
568 1659 578 1687 ι
595 1663 611 1685 α
631 1643 783 1688 Zelans
801 1643 947 1686 zelabo
968 1643 1204 1686 Jerusalem
1228 1643 1319 1685 zelo
1335 1641 1535 1701 magno&
1554 1660 1573 1682 n
1607 1642 1719 1695 Quia

345 1716 461 1761 Deus
477 1731 676 1774 magnus,
698 1715 792 1758 idco
810 1723 852 1757 et
870 1716 985 1757 zelus
1005 1714 1096 1771 ejus
1112 1729 1290 1771 magnus
1306 1721 1371 1757 est
1391 1728 1401 1756 ε
1420 1722 1464 1756 et
1479 1727 1556 1771 pro
1570 1713 1719 1756 unius-

348 1787 556 1846 cujusque
582 1786 782 1845 potentiae
806 1786 1034 1844 qualitate3
1060 1785 1115 1828 ita
1138 1788 1251 1830 zelus
1273 1792 1346 1828 aut
1366 1784 1595 1828 mediocris
1609 1817 1624 1835 ,
1645 1792 1719 1827 aut

287 1882 292 1886 ·
346 1875 525 1918 magnus
562 1867 638 1902 est.
673 1858 774 1902 Zelo
804 1857 1044 1901 vindicatur
1073 1857 1334 1900 Hierusalem
1358 1889 1370 1907 ,
1407 1858 1498 1899 zelo
1529 1855 1718 1899 Ecclesia

348 1938 654 1988 congregatur,
692 1930 781 1971 zelo
816 1927 919 1970 fides
950 1927 1208 1985 acquiritur,
1239 1929 1329 1970 zelo
1361 1926 1565 1985 pudicitia
1589 1926 1718 1984 possi·

349 2002 487 2045 detur.
514 2000 721 2043 Dominus
743 2014 912 2057 quoque
931 1999 1055 2041 Jesus
1078 1998 1133 2042 ait
1153 2015 1162 2040 ε
1180 2016 1194 2038 <⁴
1211 1998 1337 2042 Zelns
1363 1999 1515 2040 domus
1539 2006 1619 2040 tuae
1641 2011 1718 2040 co·-

349 2073 514 2116 »metlit
537 2070 661 2122 me³3
686 2071 938 2130 »increpans
966 2070 1138 2114 Judaeos
1167 2071 1283 2128 quod
1309 2064 1483 2113 domum
1516 2067 1716 2112 orationis

348 2145 529 2191 fecerint
551 2144 798 2202 speluncam
818 2143 1032 2186 latronum
1045 2175 1056 2192 ,
1079 2141 1260 2184 fecerint
1274 2149 1317 2184 et
1334 2142 1509 2183 domum
1523 2138 1716 2199 negotia—

349 2217 488 2265 tionis.

409 2287 527 2332 XVI.
563 2285 648 2330 Sed
673 2301 759 2329 non
781 2286 918 2328 solum
943 2285 1084 2327 locum
1103 2283 1459 2327 Ecclesiae‘zelare
1481 2282 1713 2331 debemus,

351 2359 425 2405 sed
445 2360 555 2402 hanc
577 2373 746 2416 quoque
772 2356 1016 2415 interiorem
1039 2356 1081 2397 in
1109 2355 1230 2397 nobis
1250 2357 1424 2397 domum
1453 2354 1550 2403 Dei;
1579 2354 1636 2395 ne
1661 2351 1717 2395 sit

351 2433 502 2476 domus
523 2428 842 2487 negotiationis,
868 2436 941 2470 aut
962 2427 1162 2485 spelunca
1188 2427 1414 2468 latronum.
1446 2424 1492 2468 Si
1512 2424 1625 2467 enim
1645 2423 1714 2467 lu-

351 2519 445 2553 cra,
468 2508 675 2559 quaestus,
700 2498 891 2557 pecuniae
912 2499 1198 2542 emolumenta
1221 2511 1508 2554 aucupemur,
1537 2482 1715 2538 domum

349 2571 849 2633 negotiationissecimus.
881 2570 924 2613 Si
945 2569 1190 2612 invadamus
1218 2570 1370 2612 alienas
1397 2568 1678 2628 possessiones
1695 2601 1708 2619 ,

396 2676 404 2692 ¹
426 2667 525 2710 Apoc.
544 2677 593 2703 ιιι,
615 2664 781 2698 15-18.—-
795 2673 807 2688 ⁸
827 2663 927 2698 Zach.
944 2675 1016 2704 vm,
1039 2675 1067 2696 2.
1084 2682 1120 2689 —-
1144 2666 1157 2688 3
1172 2665 1323 2705 Joan.n,
1341 2675 1390 2708 ¹7·
