1800 3236
377 293 462 336 2⁴36
705 306 722 327 Φ
924 302 955 339 s.
980 303 1188 339 'AMBnosn

367 402 455 442 non
477 386 570 430 est?
592 386 746 432 Omnia
769 396 909 431 autem
935 381 1142 447 praecepta
1164 389 1241 433 Dei
1259 380 1428 441 veritas,
1455 379 1735 436 Chrtsm‘sfanss

369 467 455 501 tem
477 458 642 502 veritas,
665 459 758 502 Nou
780 474 879 518 ergo
901 468 964 503 est
987 460 1178 503 Christus
1202 462 1243 504 in
1265 462 1621 521 disputationibus*
1642 475 1734 523 per-

368 528 566 579 fidorum,
594 531 665 587 qui
688 531 791 573 dicit
813 529 976 588 perfido
998 546 1041 573 :a
1059 532 1116 575 Os
1141 540 1259 575 tuum
1280 533 1509 576 abundavit
1527 535 1731 592 nequssitiae

368 617 385 641 υ
398 608 440 642 et
460 600 602 659 lingua
625 609 695 643 tua
718 601 988 644 concinnavit
1003 602 1171 646 dolum¹
1187 620 1199 652 ;
1216 622 1232 643 »·
1245 603 1517 662 linguaenim
1536 607 1735 663 qu'ae'vult

367 677 556 712 astruere
587 672 878 722 mendacium,
913 674 1057 716 dolum
1089 673 1236 732 utique
1265 674 1398 718 nectit
1430 676 1609 720 assertis.
1626 666 1631 683 ἶ
1650 675 1734 720 Sed

368 740 614 798 hujusmodi
644 742 712 784 sur
739 751 825 793 est,
856 752 898 786 et
927 758 1026 786 cum
1054 744 1148 787 fure
1175 759 1451 790 concurrens.
1477 746 1598 790 Multi
1618 746 1733 790 enim

365 812 481 857 fures
501 821 614 864 sunt,
641 815 714 872 qui
729 815 906 858 verbum
928 816 1005 858 Dei
1025 829 1111 858 non
1135 817 1188 859 ad
1208 811 1435 860 utilitatem
1456 832 1575 860 suam
1594 818 1734 863 furan-

364 891 435 926 tur
453 892 496 927 et
516 885 704 943 rapiunt,
725 885 799 929 sed
815 887 869 929 ad
886 885 1078 929 fraudem
1097 901 1107 929 :
1133 895 1175 930 et
1193 887 1497 946 patrimonium
1516 879 1734 946 quoddam

368 956 605 1002 coelestium
628 956 944 1015 Scripturarum
968 958 1008 999 in
1032 972 1105 1000 sua
1128 957 1237 1001 furta
1259 959 1537 1039 detorquent,
1566 960 1733 1002 adulte-

363 1026 456 1069 rina
477 1027 556 1069 sibi
579 1029 830 1086 compendia
853 1029 1116 1087 colligenteS,
1136 1028 1234 1071 dolo
1250 1029 1383 1087 magis
1405 1036 1533 1089 quam
1555 1029 1733 1074 veritate

365 1099 552 1156 quaesita.
579 1098 663 1143 Sed
695 1100 740 1143 hi
771 1109 869 1144 sunt
898 1101 969 1159 qui
995 1101 1176 1144 miscent
1197 1117 1349 1159 aquam
1371 1101 1497 1151 vino,
1530 1109 1732 1160 tanquam

365 1184 577 1228 caupones
592 1168 780 1229 pessimi,
802 1173 1087 1215 adulterantes
1103 1187 1343 1215 sermonem
1358 1172 1453 1222 Dei,
1475 1180 1519 1215 et
1537 1171 1580 1214 in
1598 1172 1732 1238 since-

360 1257 456 1285 rum
488 1242 749 1301 proferentes
780 1243 987 1302 quidquid
1015 1243 1182 1301 perfido
1209 1252 1252 1287 et
1281 1253 1482 1301 tanquam
1513 1244 1633 1286 ebrio
1656 1235 1730 1287 ore

363 1314 724 1371 deprompserint,
747 1323 789 1357 et
814 1314 908 1358 ideo
930 1314 1064 1356 aliena
1087 1315 1321 1372 loquuntur
1342 1330 1363 1358 a
1384 1316 1491 1374 lege.
1521 1308 1640 1359 Unde
1656 1330 1728 1358 eos

363 1383 473 1426 hene
489 1384 699 1443 Propheta
719 1385 873 1443 refugit
890 1393 1015 1444 atque
1033 1385 1322 1454 reprehendit,
1342 1386 1480 1429 sciens
1501 1386 1606 1445 quid
1626 1401 1730 1445 pr-ae

361 1454 519 1513 scripto
532 1454 639 1512 legis
657 1455 881 1514 acceperit.
1590 1467 1594 1476 ’

367 1563 369 1566 .
415 1525 537 1568 XXI.
574 1526 705 1569 Recte
721 1542 766 1568 er
768 1542 820 1585 go
839 1526 896 1569 ait
912 1526 1105 1583 sequenti
1124 1523 1356 1569 versiculo²
1377 1543 1420 1568 :a
1439 1526 1594 1572 Omnia
1616 1542 1728 1586 prae-

361 1615 378 1635 »
393 1605 514 1654 cepta
527 1605 598 1639 tua
614 1594 788 1640 veritas:
810 1597 967 1654 injuste
980 1594 1191 1655 persecuti
1202 1597 1564 1655 suntme,-adjuva
1578 1592 1684 1641 u1e'.
1700 1617 1717 1639 ι

361 1667 492 1721 Quasi
506 1667 642 1709 bonus
656 1668 775 1711 miles
792 1669 904 1711 bella
917 1683 1003 1710 non
1020 1667 1188 1727 refugit,
1204 1683 1284 1711 nec
1297 1668 1522 1712 conflictus
1537 1670 1730 1728 quamvis

361 1739 550 1796 gravium
575 1739 815 1798 praeliorum
839 1741 1019 1782 bellator
1039 1740 1226 1798 pavescit
1248 1748 1469 1783 assuetus:
1495 1741 1571 1783 sed
1587 1739 1728 1784 fidelis

361 1816 404 1852 et
424 1811 623 1868 providus
643 1811 828 1869 'aspirare
849 1811 928 1853 sibi
951 1811 1150 1854 divinitus
1172 1820 1265 1854 orat
1292 1811 1462 1862 auxilia,
1486 1803 1728 1874 et'piaed’e—⁷

359 1880 541 1923 votionis
561 1880 701 1924 fidelia
723 1882 802 1924 sibi
823 1875 1067 1940 adjumenta
1090 1883 1295 1941 deposcit.
1318 1883 1505 1941 Ideoque
1519 1898 1606 1926 non
1622 1883 1729 1943 petit

361 1959 411 1994 ut
426 1952 745 2010 persecutiones
766 1954 1015 2011 quiescant:
1040 1954 1174 1997 sedin
1189 1955 1558 2013 persecutionibus
1575 1971 1620 1999 se
1634 1971 1729 2040 pos·

361 2024 469 2066 tulat
485 2024 687 2081 adjuvari.
711 2025 882 2068 Sciebat
896 2026 1010 2068 enim
1027 2027 1139 2083 quod
1158 2042 1305 2070 omnes
1321 2027 1392 2085 qui
1411 2021 1561 2071 volunt
1580 2028 1648 2087 pie
1665 2028 1729 2071 vi'-

361 2108 459 2136 vere
478 2094 520 2136 in
539 2093 707 2137 C’hristo
727 2094 845 2144 Jesu,
872 2097 1187 2153 persecutiones
1208 2098 1440 2155 patiuntur.
1457 2098 1614 2141 Mavult
1627 2106 1728 2157 ergo

363 2163 678 2222 persecutiones
690 2166 801 2223 pati;
821 2174 866 2208 ut
882 2166 950 2225 pie
969 2167 1108 2210 vivere
1127 2168 1168 2210 in
1188 2168 1357 2210 Christo
1371 2167 1519 2227 possit.
1545 2160 1597 2211 Et
1618 2169 1730 2214 bene·

362 2249 449 2278 non
470 2235 598 2277 unam
621 2238 981 2294 persecutionem,
1005 2239 1078 2280 sed
1099 2239 1252 2281 multas
1273 2238 1588 2297 persecutiones
1607 2236 1727 2290 dixit,

362 2319 442 2347 nec
459 2306 663 2363 expressit
678 2307 881 2349 vocabula
901 2308 1269 2366 persequentium;
1289 2308 1386 2365 quia
1398 2309 1520 2351 multi
1533 2300 1730 2367 perseeuss

360 2384 486 2431 tores,
499 2392 585 2419 non
597 2379 733 2420 solum
746 2394 850 2436 quos
864 2379 1067 2433 videmus,
1079 2379 1152 2421 sed
1164 2379 1292 2421 etiam
1304 2394 1408 2435 quos
1422 2393 1507 2425 non
1517 2379 1722 2423 videmus.

362 2447 679 2505 Persequuntur
688 2450 885 2506 nequitiae
895 2450 1116 2510 spiritales,
1129 2451 1395 2507 persequitur
1404 2450 1643 2501 haereticus,
1655 2450 1681 2494 J
1685 2466 1728 2494 u-

363 2518 494 2568 daeus,
518 2519 696 2576 gentilis.
717 2519 877 2563 Omnes
893 2536 993 2579 ergo
1010 2521 1088 2563 suh
1104 2520 1466 2579 peisecutoribus‚
1487 2521 1572 2579 qui
1579 2523 1728 2565 volunt

410 2626 420 2641 ¹
453 2619 536 2651 Psal.
557 2632 645 2663 xmx,
676 2634 725 2656 πο.
753 2628 833 2648 —22
862 2622 948 2657 vide
973 2623 1015 2656 D.
1042 2622 1186 2662 Guillon,
1208 2628 1289 2657 tom.
1319 2633 1366 2663 ιι,
1391 2622 1620 2674 p.145.--³
1641 2615 1726 2656 Psal.

365 2673 1114 2712 (.:xV111,86.⁴
1182 2700 1185 2701 ⁷
