1800 3236
0 894 5 898 ’
0 775 22 884 ›mvn-f!

0 1681 9 1718 ”w
0 1253 13 1674 smwvimW-VWF
9 1163 11 1167 i

450 291 685 322 amosi-rio
715 292 759 322 ui
787 293 974 323 rumim
1004 295 1144 324 cxvm.
1420 277 1476 323 23

113 373 326 423 »decern
345 371 492 416 »fusca
509 374 683 431 pulvere
702 374 911 424 saeculari,
931 390 1058 433 quem
1072 374 1278 418 certando
1294 374 1473 434 collegi:

18 457 29 492 ἡ
114 443 268 487 decora
293 443 390 487 oleo
405 443 712 502 spiritali,'quo
727 445 877 488 mundi
898 445 1028 505 hujus
1050 447 1267 504 pulverem
1288 447 1478 505 squallo-

25 545 28 546 r
110 527 288 572 remque
322 514 492 558 detersi.
527 515 666 558 Fusca
698 530 776 574 per
802 516 985 559 vitium:
1012 517 1089 560 sed
1114 518 1266 560 decora
1292 517 1380 575 jam
1402 532 1479 576 per

26 627 33 634 ,
110 584 329 630 lavacrum
344 618 356 635 ‚
380 586 496 643 quod
520 585 655 628 abluit
679 599 809 629 omne
826 587 1047 630 delictum.
1073 587 1214 631 Fusca
1235 603 1356 637 sum,
1381 587 1479 645 quia

110 655 286 714 peccavi
303 671 316 699 ε
334 657 506 706 deeora,
525 655 624 713 quia
647 656 733 713 jam
754 672 825 700 me
849 658 985 716 diligit
1011 658 1206 702 Christus
1230 675 1243 701 ε
1267 674 1397 717 quam
1418 673 1483 702 re-

111 727 327 785 legaverat
344 726 388 768 in
408 726 511 776 Eva,
534 727 694 784 recepit
713 742 765 770 ex
781 727 952 787 Virgine
964 763 973 775 ,
989 729 1181 787 'suscepit
1202 745 1256 772 ex
1269 729 1417 773 Maria.

171 796 248 840 lx.
293 787 409 840 Dicit
436 797 566 840 etiam
602 796 851 857 Synagoga,
894 799 1018 856 cujus
1037 800 1239 857 mysteria
1264 800 1348 843 hoc
1376 802 1474 844 loco

111 868 325 926 plerisque
341 869 541 912 videntur
561 869 738 928 exprimi
753 884 872 927 :quae
889 885 988 913 cum
1011 886 1057 914 se
1071 871 1190 928 rejici
1206 871 1294 929 jam
1314 872 1479 915 videret

110 947 289 998 propter
318 939 446 982 totius
475 939 612 998 plebis
645 940 934 999 impietatem,
973 942 1194 985 solabatur
1225 959 1270 986 se
1295 952 1438 986 tamen
1466 960 1479 992 ;

112 1010 211 1067 quin
234 1010 373 1069 ipsum
394 1010 611 1054 Christum
631 1012 685 1055 de
705 1013 863 1070 populo
884 1027 960 1055 suo
974 1045 986 1061 ‚
1016 1021 1060 1055 et
1079 1013 1253 1056 Petrum
1283 1022 1327 1056 et
1346 1013 1481 1056 Joan-

114 1094 216 1123 nem
240 1088 286 1123 et
301 1079 539 1129 Jacobum,
569 1080 740 1124 Christo
757 1082 1022 1133 adhaerentes,
1040 1083 1235 1133 videbat,
1260 1083 1334 1141 qui
1354 1082 1484 1126 habe-

112 1149 190 1193 bat
207 1143 378 1208 eloquia
396 1150 477 1196 sibi
502 1151 663 1194 credita
682 1168 697 1201 3
717 1160 762 1194 et
777 1152 875 1195 ideo
897 1153 1069 1196 dicebat
1093 1169 1104 1195 :
1135 1153 1305 1196 «Fusca
1330 1169 1423 1196 sum
1440 1161 1484 1195 et

113 1222 300 1264 »deeora
315 1256 329 1272 ,
350 1220 722 1275 filieJerusalem3
746 1241 765 1263 ι
790 1223 908 1266 fusca
924 1239 1007 1283 per
1021 1224 1384 1274 incredulitatem,
1408 1226 1485 1267 de-

113 1306 216 1336 cora
234 1307 315 1351 per
332 1292 521 1352 Legem:
548 1293 667 1337 fusca
689 1309 768 1353 per
794 1296 958 1354 lapsum
979 1329 992 1344 ,
1019 1297 1192 1346 decora,
1216 1296 1314 1354 quia
1339 1296 1486 1339 dilexit

114 1378 186 1407 me
199 1365 279 1415 sol,
294 1373 340 1408 et
353 1365 472 1423 prior
483 1365 593 1409 sacta
610 1381 707 1409 sum
721 1367 995 1426 congregatio
1012 1367 1105 1411 Dei.
1131 1368 1273 1411 Nolite
1289 1367 1483 1426 refugere

114 1449 203 1485 me,
226 1435 325 1493 quia
343 1435 463 1480 fusca
480 1451 601 1486 sum3
624 1437 721 1480 ideo
741 1438 860 1481 rusca
884 1453 997 1488 sum,
1013 1438 1114 1496 quia
1135 1437 1210 1481 Sol
1223 1453 1294 1482 me
1313 1438 1485 1495 reliquit

113 1506 317 1564 justitie,
341 1508 416 1566 qui
441 1517 546 1552 ante>
559 1523 630 1551 me
650 1509 892 1552 illuminare
912 1519 1190 1553 consueverat
1207 1525 1219 1552 :
1238 1510 1358 1552 amisi
1373 1511 1485 1552 colo·

114 1591 210 1620 rem
226 1579 370 1621 vultus
386 1578 488 1627 mei,
511 1578 666 1621 obtusa
685 1578 798 1621 facta
817 1587 883 1622 est
898 1579 1010 1622 acies
1029 1581 1252 1623 oculorum
1269 1595 1479 1629 meorum,

115 1648 271 1706 quibus
297 1657 397 1692 ante
427 1650 561 1692 solem
590 1649 785 1692 videbam
810 1663 822 1691 ε
849 1650 892 1692 in
921 1650 1108 1692 tenebris
1136 1652 1313 1694 ambulo
1332 1685 1345 1701 ,
1382 1651 1482 1708 quia

115 1719 229 1762 diem
249 1718 408 1764 Christi
427 1719 586 1763 nescio.
606 1719 748 1762 Nolite
763 1728 905 1762 tamen
922 1721 1143 1778 despicere
1158 1737 1229 1764 me
1242 1755 1255 1772 ,
1278 1721 1481 1779 quoniam

114 1788 391 1846 quioeliquit,
412 1796 551 1847 potest
570 1804 740 1832 rursum
762 1790 968 1848 aspicere,
989 1791 1182 1834 misereri
1196 1790 1378 1834 iterum.
1406 1790 1485 1834 So-

115 1861 179 1904 let
210 1874 468 1924 congregare
505 1860 739 1919 dispersos,
777 1861 968 1904 desertos
1007 1861 1243 1920 requirere,
1283 1862 1483 1920 colligere

118 1930 356 1986 destituto&
385 1930 548 1974 Omnes
576 1931 714 1974 tribus
743 1931 874 1974 Israel
905 1931 1130 1974 convenite
1155 1964 1169 1981 ,
1202 1931 1381 1990 aspicite
1410 1947 1482 1975 me

118 2002 319 2046 decoram
350 2010 449 2045 ante
480 2002 694 2045 dilectam.
733 2019 752 2040 ε
767 2001 908 2046 Nolite
933 2002 1121 2060 aspicere
1146 2018 1219 2046 me
1236 2037 1250 2053 ,
1272 2003 1483 2062 quoniam

118 2072 368 2115 »obfuscata
396 2071 546 2121 sum¹3
569 2090 587 2110 ι
618 2071 703 2115 hoc
730 2079 821 2121 est,
850 2087 938 2115 nou
967 2073 1052 2116 hoc
1083 2074 1222 2116 solum
1249 2073 1479 2132 aspiciatis,

119 2141 220 2199 quia
237 2140 456 2184 obfuscata
477 2156 586 2184 sum.
611 2140 707 2185 Non
727 2151 792 2185 est
811 2142 989 2186 intuitus
1009 2158 1079 2199 me
1105 2145 1196 2193 sol,
1218 2152 1262 2186 et
1284 2143 1381 2187 ideo
1409 2144 1483 2186 oh-

118 2212 284 2255 macuta
306 2226 413 2254 sum.
439 2210 526 2255 Sed
543 2213 661 2255 lucet
675 2213 739 2256 sol
754 2227 882 2271 super
900 2213 1036 2271 justos
1052 2221 1096 2256 et
1109 2213 1289 2270 injustos
1314 2229 1327 2256 z
1356 2229 1485 2272 super

118 2283 255 2341 justos
273 2298 352 2341 per
368 2283 563 2341 gratiam,
586 2298 715 2342 super
732 2283 913 2340 injustos
939 2299 1017 2341 per
1040 2284 1404 2333 misericordiam;
1434 2285 1488 2326 il-

122 2355 175 2398 lis
192 2355 437 2398 mercedem
451 2353 703 2397 meritorum
718 2354 909 2397 tribuens
921 2388 934 2404 ‚
952 2354 1040 2396 istis
1060 2362 1237 2412 peccata
1251 2354 1483 2397 dimittens.

123 2425 179 2468 Bt
191 2424 390 2484 gentihus
414 2439 501 2467 non
524 2424 697 2468 lucebat
717 2433 814 2468 ante
826 2457 840 2475 ,
860 2439 973 2466 nuuc
993 2424 1111 2467 lucet
1133 2438 1146 2465 ε
1171 2438 1287 2466 nunc
1305 2424 1386 2466 illis
1402 2423 1489 2466 ori-

122 2503 210 2545 tur,
229 2495 305 2553 qui
321 2495 539 2539 oriebatur
556 2495 663 2538 mihi
680 2510 693 2538 :
717 2495 790 2553 qui
805 2495 887 2538 illis
901 2493 1080 2544 remisit,
1101 2494 1293 2536 remittet
1306 2502 1351 2547 et
1365 2493 1483 2536 mihi.

120 2566 259 2621 Nolito
279 2566 475 2617 arbitrati
489 2566 697 2627 quoniam
717 2566 939 2614 obfiueata
954 2580 1050 2611 sum
1062 2597 1076 2616 ,
1093 2566 1210 2626 quod
1229 2565 1399 2626 penitus
1417 2579 1489 2609 re-

169 2667 180 2684 ·
197 2658 295 2694 Cant.
314 2659 386 2699 1‚5·
