1800 3236
382 305 463 334 122
928 301 959 330 S·
998 301 1193 331 AMBRosu

378 392 519 431 torum
545 396 555 425 ι
579 396 665 426 non
695 379 997 425 erubescentes
1034 379 1076 422 in
1106 394 1157 423 eo
1165 396 1178 430 ς
1204 378 1304 438 quia
1335 379 1442 424 nihil
1467 380 1651 429 alienum
1688 381 1741 428 ab

378 444 599 497 honestate
619 453 909 509 loquerentur,
943 465 1049 509 quos
1075 465 1202 494 nemo
1222 446 1449 511 redarguat
1469 460 1513 497 et
1537 454 1741 514 repellat,

377 523 494 582 quasi
516 523 628 582 quia
622 538 719 570 non
736 522 819 566 sint
841 521 978 580 digni,
1004 537 1109 580 quos
1126 522 1301 565 idoneos
1321 522 1512 572 Christus
1528 525 1743 582 ministros

378 595 483 640 Novi
506 594 654 638 fecerit
678 594 960 643 Testamenti,
988 602 1030 637 et
1050 594 1138 652 jam
1157 594 1197 637 in
1219 594 1289 638 illo
1313 611 1396 638 non
1415 596 1740 661 erubescentem

379 683 429 710 co
452 670 566 725 quod
586 682 671 710 non
692 674 932 710 metuerent
953 681 1007 709 ne
1029 647 1396 711 confunderentur
1417 668 1744 729 disceptantium

378 739 588 781 contrmia
605 738 832 782 assertione
853 737 1052 797 superati.
1082 737 1186 782 Rex,
1193 738 1321 797 igitur
1346 748 1410 783 est
1435 739 1508 797 qui
1533 755 1622 795 non
1644 755 1745 785 eru-

377 808 545 859 bescat,
565 825 617 852 ne
639 809 682 851 in
708 817 806 870 actu
834 806 1186 868 reprehendatur,
1221 811 1498 870 redarguatur
1521 810 1564 853 in
1590 825 1747 857 sermo-

375 880 501 923 nibus
514 898 525 931 ;
550 896 600 923 eo
619 881 735 938 quod
756 889 798 924 et
821 880 904 924 vita
922 880 1074 924 debeat
1096 896 1187 934 esse
1207 880 1407 926 fundatus
1427 889 1471 926 et
1492 872 1636 927 verbo.
1663 881 1748 927 Ita-

379 967 460 1011 que
481 952 669 1011 quamvis
691 951 901 1012 perfectus
931 953 987 996 ita
1009 961 1119 996 esset
1137 952 1347 1011 Propheta
1362 985 1374 1003 ,
1398 961 1553 1000 utnon
1576 953 1747 1013 erubosae-

364 1032 495 1079 ,ceret
521 1024 564 1068 in
591 1032 822 1084 conspectu
843 1039 1017 1092 regum3
1044 1033 1187 1069 tamen
1202 1024 1489 1068 meditabatur
1503 1023 1547 1067 in
1563 1039 1747 1084 praecep-

380 1094 432 1138 tis
454 1094 531 1139 Dei
569 1095 685 1138 omni
710 1094 804 1138 vitoe
835 1110 920 1137 suae
950 1102 1144 1154 tempore
1160 1127 1169 1144 ,
1194 1103 1236 1138 et
1261 1110 1390 1154 opera
1411 1110 1486 1138 sua
1517 1094 1738 1154 elevabat.

378 1164 484 1208 nihil
507 1181 632 1224 agens
653 1166 768 1223 quod
789 1165 968 1208 terrenis
987 1165 1291 1224 cupiditatibus
1313 1158 1560 1210 adhaereret.

437 1236 619 1281 XXXV.
657 1237 842 1294 Ideoque
866 1236 922 1279 ait
945 1251 954 1278 :
973 1254 989 1274 «
1007 1236 1062 1279 Et
1083 1236 1322 1280 meditabar
1344 1237 1386 1280 iu
1407 1236 1618 1281 mandatis
1639 1235 1747 1293 tuis,

384 1326 400 1346 »
415 1322 507 1365 quae
531 1306 656 1350 dilexi
679 1306 816 1350 nimis.
842 1307 894 1362 Et
913 1307 1046 1351 levavi
1062 1323 1212 1351 manus
1234 1323 1350 1351 meas
1367 1308 1420 1357 ad
1441 1309 1640 1353 mandata
1655 1315 1747 1360 tua,

380 1396 396 1418 »
410 1394 502 1436 quae
525 1378 650 1421 dilexi
663 1379 814 1421 nimis:
835 1387 877 1422 et
891 1379 1120 1422 exercebar
1135 1379 1178 1422 in
1199 1379 1572 1437 justificationibus
1584 1378 1707 1425 tuis¹.
1721 1397 1738 1421 ι

379 1450 696 1494 Pulcher-rimus
721 1451 827 1494 ordo
863 1451 940 1494 iste
956 1484 967 1500 ,
1000 1460 1047 1494 ut
1078 1451 1219 1510 primo
1240 1452 1514 1503 meditemur,
1537 1460 1750 1496 eteorum

381 1523 693 1580 praeceptorum
719 1538 811 1580 quae
836 1522 1073 1581 diligimus,
1103 1522 1157 1566 sit
1177 1523 1299 1567 nobis
1323 1531 1487 1571 assueta
1511 1522 1745 1570 meditatio.

379 1592 654 1642 ‘Meditatione
670 1593 783 1636 enim
807 1595 1103 1637 mandatorum
1122 1594 1357 1639 coelestium
1372 1595 1520 1655 ,operis
1533 1594 1634 1639 boni
1650 1609 1752 1639 usus

381 1663 586 1707 inolescit.
616 1664 721 1708 Nam
745 1663 855 1708 sicut
878 1664 1143 1708 meditationi
1165 1665 1394 1708 verborum
1421 1664 1516 1709 finis
1545 1665 1751 1710 memoria

381 1743 534 1784 est,>ut
554 1750 645 1792 quae
668 1735 925 1778 meditamur
945 1727 1075 1781 verba
1106 1743 1324 1778 teneamus
1343 1751 1354 1776 =
1378 1735 1439 1778 sic
1462 1735 1766 1782 meditationis,

381 1816 690 1867 praeceptorum
727 1807 963 1851 coelestium
999 1807 1178 1850 intentio
1214 1808 1282 1850 vel
1318 1806 1413 1850 finis
1446 1806 1639 1866 operatio,
1661 1815 1748 1857 est,
1778 1840 1784 1843 -

385 1888 586 1938 actusque
609 1879 795 1923 directus
821 1880 874 1922 ad
899 1878 1112 1938 implenda
1137 1886 1348 1938 praecepta
1371 1876 1533 1928 divina,
1558 1893 1652 1937 quae
1669 1878 1751 1926 nisi

383 1950 476 2007 quis
503 1949 670 2009 diligat,
703 1951 879 2009 implere
895 1965 981 1993 non
1004 1950 1190 2009 poterit:
1217 1964 1298 1994 nce
1321 1951 1459 1995 solum
1482 1948 1661 2012 diligat,
1676 1951 1752 1997 sed

385 2020 510 2079 ctiam
527 2039 541 2059 «
558 2021 690 2064 Nimis
712 2041 728 2061 »
744 2021 900 2080 diligat.

374 2117 377 2120 ,
445 2090 650 2136 XXXVI.
686 2092 787 2135 Ideo
811 2091 926 2149 prius
949 2091 1090 2152 posuit
1111 2107 1154 2133 τι(
1170 2092 1222 2134 Et
1243 2091 1483 2136 meditabar
1503 2091 1546 2136 in
1566 2106 1752 2153 praecep-

385 2164 466 2207 »tis
483 2163 564 2207 tuis
578 2197 589 2214 ,
612 2179 703 2221 quae
722 2163 845 2206 dilexi
867 2163 1005 2206 nimis.
1023 2163 1104 2206 »Et
1118 2163 1303 2221 subjecit
1322 2179 1332 2206 :
1350 2182 1366 2204 α
1385 2164 1439 2207 Et
1455 2164 1752 2221 levavimanus

387 2251 531 2278 »meas
554 2237 604 2278 ad
631 2244 841 2294 prcecepta
873 2243 969 2285 tua,
996 2250 1089 2292 quae
1113 2234 1236 2277 dilexi
1257 2234 1381 2277 nimis
1407 2234 1438 2279 ².
1465 2234 1595 2278 »Post
1614 2233 1753 2279 medi-

387 2305 586 2350 tationem
609 2306 765 2350 etenim
789 2307 951 2349 bonum
984 2313 1048 2349 est
1074 2306 1214 2349 levare
1248 2307 1364 2349 actu's
1385 2294 1554 2349 nostros
1579 2304 1632 2351 ad
1650 2319 1754 2364 prae-

368 2385 508 2436 cepta
530 2377 630 2428 Dei,
658 2387 782 2435 atque
799 2377 843 2421 id
859 2378 998 2428 facero
1017 2391 1115 2419 cum
1134 2376 1360 2426 charitate,
1388 2390 1486 2418 cum
1505 2375 1684 2435 gaudi03
1706 2382 1754 2427 ut

388 2464 473 2505 non
491 2464 542 2491 ex
566 2449 815 2491 necessitate
839 2448 891 2491 sit
909 2449 1070 2492 bonum
1091 2456 1283 2493 nostrum
1299 2479 1312 2499 ‚
1337 2462 1424 2490 non
1446 2461 1546 2492 cum
1567 2438 1754 2498 ,moerore

386 2527 510 2576 atque
526 2518 722 2563 moestitia
734 2551 747 2570 ,
768 2519 843 2562 sed
858 2518 1145 2562 voluntarium
1160 2534 1171 2567 3
1190 2518 1288 2577 quia
1305 2533 1448 2562 servus
1465 2516 1620 2567 invitus
1634 2516 1751 2567 facit,

364 2588 545 2652 >amicus
570 2588 842 2634 voluntarius.
879 2589 962 2635 Nos
987 2597 1129 2635 autem
1155 2590 1399 2639 studeamus
1424 2599 1469 2641 ‚ut
1491 2588 1658 2642 dicatur
1679 2602 1754 2641 no<

434 2686 446 2709 ⁸
463 2679 548 2738 ss‘sal.
570 2692 687 2727 (nsvin,
702 2681 756 2731 47,
771 2683 825 2730 48.
842 2701 882 2709 -
900 2691 912 2708 ²
930 2682 1018 2721 lbid.
