1800 3236
286 295 373 345 404
640 321 683 325 --
754 319 758 324 ·
845 307 875 334 s.
917 305 1107 335 Amnosn

285 405 301 427 n
317 402 407 435 cus,
432 386 505 428 scd
527 385 574 428 iis
592 384 662 443 qui
679 385 788 427 male
811 383 1012 427 habent¹.
1034 403 1048 424 n
1064 383 1202 427 Ilabcs
1226 381 1428 425 vulnera?
1446 381 1507 426 Ne
1532 378 1647 424 diffe-

283 473 349 501 ras
377 472 497 501 :non
529 465 592 500 est
619 457 731 514 apud
762 471 860 498 eum
890 457 972 498 ulla
1006 453 1398 514 comperendinatio
1435 452 1642 496 sanitatis.

283 529 423 572 Habes
451 527 628 571 ulcera?
658 527 718 571 Ne
749 527 924 569 timeas:
944 526 1100 576 verbo,
1126 541 1211 568 non
1236 525 1346 568 ferro
1364 532 1518 567 ‘curare
1549 539 1648 566 con·

284 600 431 643 suevit.
463 600 617 658 Aspice
645 599 772 657 igitur
807 599 888 641 illis
918 598 1075 648 oculis,
1106 598 1258 655 quibus
1287 597 1422 639 David
1447 586 1649 639 auxilium

285 671 476 729 quaesivit
490 679 531 713 et
553 670 722 713 meruit.
757 669 958 719 «Levavi,
982 669 1136 726 inquit,
1157 670 1303 711 oculos
1322 683 1440 711 meos
1463 668 1515 710 ad
1532 661 1650 709 m‘on-

282 763 298 782 »
315 748 374 785 t'es
400 759 409 783 z
437 741 606 799 quaesivi
629 742 742 784 unde
766 741 869 783 mihi
893 741 1054 784 veniret
1074 739 1272 782 auxilium
1288 738 1319 781 ².
1346 757 1362 779 »
1397 737 1490 782 Non
1509 730 1650 780 inveni

285 813 364 856 nisi
393 829 414 856 a
441 813 644 862 Domino,
672 812 742 871 qui
763 812 874 855 enim
900 813 1110 854 mnndum
1136 810 1342 859 condidit,
1370 818 1510 863 tuetur
1526 824 1650 852 acco-

281 885 342 926 las
360 883 521 926 mundi.
545 882 698 942 Aspice
720 898 836 941 ergo,
860 891 904 926 et
919 897 1085 941 semper
1102 881 1242 941 aspice
1256 914 1267 931 ,
1298 881 1396 939 quia
1416 879 1518 938 justi
1540 879 1651 923 oculi

286 969 454 1012 semper
476 952 529 995 ad
544 953 790 996 Dominum.

345 1023 416 1066 ΙΙΙ.
455 1023 547 1066 Hoc
564 1030 710 1066 monet
732 1031 774 1065 te
800 1023 927 1066 etiam
950 1022 1185 1066 Hieremias
1205 1022 1245 1065 in
1264 1021 1442 1066 Threnis
1467 1019 1545 1064 sub
1573 1021 1652 1064 hac

287 1094 376 1153 ipsa
401 1093 559 1143 littera,
602 1093 748 1136 dicens
782 1094 834 1136 ad
854 1094 1119 1138 Hierusalem
1145 1110 1154 1137 :
1181 1112 1195 1133 a
1219 1093 1354 1152 Surge
1375 1101 1417 1136 et
1442 1091 1656 1150 expergis-

288 1181 415 1209 »cere
454 1166 496 1208 in
541 1173 685 1214 nocte,
729 1165 771 1207 in
808 1164 1017 1224 principio
1045 1166 1193 1224 vigilite
1229 1173 1309 1207 tuae
1341 1163 1511 1207 effunde
1546 1163 1655 1205 sicut

289 1251 472 1295 »aquam
501 1251 576 1279 cor
599 1245 717 1279 tuum
741 1244 838 1278 ante
860 1236 1010 1279 faciem
1026 1236 1198 1278 Domini
1219 1251 1228 1276 ε
1256 1237 1411 1278 extolle
1434 1236 1484 1278 ad
1506 1234 1656 1277 Domi-

291 1318 424 1349 »num
448 1321 599 1349 manus
622 1314 714 1348 tuas
729 1321 806 1364 pro
835 1306 1055 1348 animabus
1076 1306 1349 1364 parvulorum
1371 1314 1560 1353 tuorum,
1585 1301 1656 1362 qui

290 1397 306 1419 »
321 1377 526 1421 deficiunt
544 1375 654 1420 same
675 1378 718 1420 in
741 1378 890 1435 plateis
919 1378 1109 1420 omnium
1134 1378 1336 1420 itinerum
1350 1377 1380 1421 ³.
1399 1396 1415 1416 »
1448 1377 1597 1420 Nonne
1614 1383 1657 1419 et

291 1458 435 1508 aperte
459 1448 746 1492 conclusionis
769 1448 954 1491 ostendit
977 1449 1205 1508 angustias,
1225 1458 1267 1491 et
1287 1457 1432 1491 monet
1449 1457 1496 1491 ut
1517 1448 1655 1493 inten-

287 1520 403 1562 tione
426 1519 582 1568 cordis,
603 1519 644 1561 in
661 1535 745 1577 quo
768 1528 830 1562 est
852 1519 964 1562 oculi
989 1520 1174 1562 melioris
1198 1521 1389 1570 obtutus,
1416 1518 1656 1561 remedium

288 1591 365 1634 tibi
387 1592 568 1633 salutare
592 1590 844 1648 provideas?
866 1590 1059 1648 Denique
1087 1591 1213 1633 etiam
1233 1591 1335 1633 infra
1353 1624 1364 1640 ,
1398 1591 1551 1633 iterum
1575 1589 1656 1632 sub

287 1662 366 1705 hac
389 1662 528 1705 littera
546 1661 603 1704 ait
629 1677 638 1703 :
675 1679 691 1700 «
712 1660 1081 1720 Appropinquavit
1108 1662 1222 1705 enim
1248 1670 1414 1721 tempus
1432 1669 1627 1704 nostrum
1642 1693 1653 1710 ,

286 1734 466 1793 »repleti
493 1741 591 1776 sunt
610 1733 697 1776 dies
722 1734 870 1783 nostri,
898 1734 1066 1776 advenit
1094 1732 1189 1775 finis
1215 1742 1370 1777 noster.
1405 1732 1536 1777 Leves
1553 1729 1657 1776 sacti

288 1823 303 1845 »
318 1813 415 1847 sunt
433 1804 505 1862 qui
529 1803 741 1862 persecuti
759 1812 856 1846 sunt
877 1819 970 1851 nos.
992 1819 1118 1861 super
1139 1805 1298 1861 aquilas
1322 1804 1430 1847 coeli.
1458 1804 1506 1846 In
1527 1818 1654 1846 mon-

290 1876 434 1918 »tibus
452 1875 618 1918 accensi
639 1882 738 1918 sunt
763 1890 772 1917 ε
798 1875 838 1917 in
868 1877 1034 1919 deserto
1058 1875 1277 1919 insidiatus
1292 1884 1354 1919 est
1375 1875 1540 1918 nobis⁶.
1567 1894 1584 1915 n

348 1947 417 1990 IV.
450 1946 764 1989 Demonstravit
786 1963 996 1990 summam
1024 1948 1345 1990 conclusionem
1363 1980 1374 1995 ,
1404 1962 1483 1989 nec
1515 1947 1652 1989 ullum

290 2017 528 2078 remedium
546 2017 624 2059 nisi
643 2017 684 2059 in
710 2017 892 2061 adventu
913 2018 1084 2061 Domini
1107 2019 1239 2061 nostri
1258 2018 1361 2061 Jesu
1379 2017 1562 2065 Christi,
1586 2017 1658 2075 qui

292 2089 405 2131 solus
425 2088 655 2146 desperatis
682 2089 814 2147 possit
839 2088 988 2132 afferre
1006 2089 1279 2132 medicinam.
1307 2088 1361 2131 Et
1377 2087 1495 2146 quasi
1513 2097 1658 2130 osten-

294 2160 397 2201 dens
418 2174 532 2208 eum,
559 2158 661 2201 dicit
683 2175 725 2201 :«
747 2159 930 2218 Spiritus
955 2168 1051 2203 ante
1073 2160 1222 2203 faciem
1241 2169 1445 2209 nostram,
1465 2157 1658 2215 Christus

292 2230 527 2272 »Dominus
556 2231 891 2288 comprehensus
913 2239 976 2273 est
1008 2230 1049 2273 in
1074 2230 1247 2273 interitu
1270 2238 1468 2273 nostro...
1494 2228 1541 2271 In
1568 2243 1659 2270 um-

294 2320 310 2341 »
323 2301 400 2343 bra
418 2301 510 2359 ejus
526 2301 715 2344 vivemus
735 2302 844 2344 inter
861 2310 1019 2360 genteS.
1048 2320 1063 2341 »
1076 2301 1128 2344 Et
1153 2301 1259 2343 infra
1277 2317 1288 2343 ε
1307 2320 1321 2340 α
1338 2301 1482 2350 Bibes,
1504 2298 1655 2356 inquit,

293 2381 365 2415 »et
387 2372 675 2415 inebriaberis.
703 2372 886 2415 »Adhuc
910 2387 952 2415 ια
975 2371 1170 2415 Visitabit
1194 2371 1435 2428 iniquitates
1459 2378 1567 2418 tuas,
1588 2363 1659 2410 re-

295 2442 480 2484 »velabit
513 2458 641 2500 super
667 2442 886 2501 peccata5.
923 2461 939 2483 1>
975 2442 1115 2494 Quam
1145 2440 1331 2484 breviter
1359 2441 1584 2483 adventum
1617 2445 1659 2481 et

297 2513 537 2570 passionem
553 2511 645 2571 ejus
666 2513 886 2572 expressit,
900 2512 1278 2569 remissionemque
1295 2511 1486 2555 omnitun
1503 2524 1657 2569 pecca-

297 2649 323 2668 ·.
344 2625 351 2639 ι
372 2615 493 2648 Matth.
512 2626 556 2654 tx,
584 2625 631 2648 ιω.
648 2632 688 2639 --
708 2625 719 2639 ²
740 2615 823 2649 Psal.
845 2625 918 2656 cxx,
940 2626 968 2656 ι,
992 2626 1024 2648 ².
1044 2633 1084 2640 —-
1101 2616 1115 2640 ³
1134 2615 1256 2648 Thren.
1280 2627 1329 2652 ιι,
1359 2625 1408 2656 ²9·
1429 2630 1470 2638 -—
1491 2614 1505 2641 ⁴
1529 2612 1581 2646 Id.
1611 2622 1657 2651 nv,

299 2669 349 2708 28,
372 2680 419 2711 ¹9·
437 2687 475 2708 ή-
497 2670 508 2692 ⁵
530 2669 602 2701 ibid
638 2680 749 2702 20·n².
