1800 3236
373 327 457 374 368
921 337 952 371 s.
992 336 1183 371 Aimnosn

370 422 455 468 dux
473 424 607 476 factus
628 427 689 466 est
714 419 883 466 civium.
910 421 963 465 Et
987 421 1039 465 ad
1055 420 1263 481 Sponsam
1286 417 1442 466 dicitur
1456 419 1500 464 in
1518 413 1730 465 Cantieis:

379 513 396 536 «
419 494 605 555 Speciosi
636 494 736 537 sacti
778 501 876 536 sunt
913 509 1079 552 gressus
1110 493 1172 536 tui
1217 493 1260 536 in
1301 491 1624 542 calceamentis,
1649 490 1735 535 filia

368 565 665 617 »Aminadabz
692 564 854 607 moduli
888 563 1098 606 semorum
1131 572 1302 607 tuorum
1333 564 1488 608 similes
1514 562 1735 621 torquibus

366 652 524 695 »opere
560 634 732 678 artificis
765 633 796 677 ¹.
825 653 840 675 »
861 635 954 679 Non
982 643 1046 678 est
1075 635 1252 678 dubium
1286 651 1453 694 gressus
1475 635 1545 678 hic
1568 636 1737 694 quoque

367 708 583 757 Ecclesiae,
605 708 669 750 vel
687 706 836 750 animae
854 706 1071 765 profectus
1088 705 1316 765 significari
1334 723 1343 749 :
1361 726 1377 747 α
1394 706 1535 759 Quam
1557 695 1737 766 speciosi

369 779 528 838 »pedes
570 786 669 822 sunt
712 777 1092 835 evangelizantium
1138 792 1287 835 pacem
1311 811 1320 827 ‚
1362 775 1738 836 evangelizantium

369 853 510 895 »bona
527 850 541 872 ²
570 850 580 892 l
603 869 619 891 »
642 850 795 907 Utique
817 848 1029 908 speciosos
1053 848 1156 892 dicit
1175 847 1431 907 'evangelicae
1464 840 1736 909 praedicatio-

369 923 433 967 nis
460 930 502 964 et
524 920 818 979 disputationis
838 935 1111 979 progressus,
1135 927 1185 962 ut
1216 919 1314 962 alibi
1338 919 1492 963 dicitur
1516 933 1560 961 :a
1580 918 1739 961 Trans-⁸

369 993 575 1052 »gredere
606 991 783 1034 ssutnina
800 990 811 1012 ⁵
838 1005 847 1032 :
873 990 985 1033 »hoc
1012 998 1101 1039 est,
1135 990 1334 1040 fluentia,
1368 998 1410 1033 et
1434 989 1598 1033 lubrica
1619 989 1738 1033 istius

368 1063 517 1108 mundi
540 1070 782 1105 transcurre
810 1061 948 1109 stabili
973 1060 1127 1103 mentis
1150 1060 1328 1103 incessu.
1357 1060 1485 1113 Quod
1516 1061 1569 1104 de
1590 1059 1739 1103 animae

370 1151 515 1195 gressu
544 1134 666 1177 dici
655 1150 697 1176 1n
731 1132 1037 1192 posterioribus
1071 1131 1175 1175 hic·
1164 1148 1252 1190 ipse
1274 1132 1410 1175 David
1435 1131 1650 1175 evidenter
1671 1146 1742 1175 os-

368 1205 528 1254 tendit,
565 1218 751 1247 asserens
783 1204 899 1261 quod
930 1210 1165 1245 torrentem
1199 1202 1469 1260 iniquitatum
1498 1217 1573 1245 sua
1601 1201 1739 1244 anima

370 1275 632 1319 transisset.
602 1274 615 1296 ¹⁰
661 1274 745 1316 Sed
766 1281 1033 1316 revertamur
1058 1274 1110 1315 ad
1127 1272 1347 1331 Sponsaet>
1323 1287 1501 1315 ⁰messus.
1525 1272 1640 1325 Quid
1660 1271 1740 1315 sibi

371 1346 460 1390 vult
487 1344 600 1402 quod
636 1342 838 1386 addidit
827 1358 869 1385 1n
900 1342 1200 1385 calceamentis
1229 1343 1441 1401 speciosos
1463 1358 1553 1385 esse
1574 1355 1739 1402 gressus

368 1416 605 1462 Ecclesiae?
641 1414 837 1473 Legimus
876 1414 1019 1472 itaque
1060 1413 1223 1457 dictum
1256 1415 1309 1457 ad
1340 1414 1513 1473 Moysen
1540 1429 1585 1457 τι
1616 1412 1741 1458 Solve

373 1507 390 1529 ι)
405 1489 742 1530 calceamentum
778 1486 936 1544 pedum
962 1493 1135 1527 tuorum
1152 1484 1193 1534 ⁵3
1220 1503 1237 1526 »
1259 1501 1343 1542 quo
1365 1473 1533 1529 videtur
1553 1483 1741 1538 admoni-

372 1566 464 1608 tus,
508 1572 562 1600 ne
596 1555 889 1615 corporalibus
920 1555 1100 1598 vinculis
1136 1563 1354 1599 teneretur
1383 1556 1591 1599 astrictus.
1626 1543 1742 1615 Ergo

373 1629 607 1689 speciosam
639 1625 847 1686 significat
878 1626 921 1669 in
954 1626 1138 1669 Canticis
1167 1627 1315 1671 animae
1344 1626 1736 1686 pulchritudinem,

370 1714 463 1759 quse
485 1714 612 1742 carne
629 1706 831 1755 tanquam
850 1698 1139 1739 calceamento
1169 1697 1319 1748 utitur,
1339 1706 1382 1741 et
1404 1697 1448 1742 in
1469 1697 1558 1756 ipso
1583 1692 1740 1740 calcea-

369 1779 514 1815 mento
536 1768 889 1827 impedimentum
912 1782 998 1810 non
1030 1767 1218 1825 patitur:
1255 1769 1329 1811 sed
1361 1768 1549 1811 incessus
1586 1769 1741 1811 decore

371 1840 586 1902 praecellit.
637 1839 807 1881 Calceat
846 1852 945 1895 ergo
989 1852 1033 1879 se
1069 1852 1239 1880 carnem
1275 1837 1438 1888 anima,
1466 1839 1533 1882 vel
1553 1836 1740 1881 Ecclesia
1799 1822 1800 1837 ³

373 1912 578 1973 gratiam3
604 1918 651 1952 ut
682 1924 854 1952 cursum
882 1907 975 1951 vitae
996 1906 1123 1965 hujus
1149 1916 1191 1950 et
1217 1908 1440 1951 transitum
1463 1923 1563 1952 cum
1585 1909 1741 1954 decore

370 1989 605 2046 praetereat.
634 1980 762 2033 Quod
778 1978 849 2029 fit,
878 1977 913 2021 si
931 1979 1273 2022 calceamentum
1294 1994 1418 2021 suum
1439 1994 1525 2022 non
1547 1970 1741 2037 inquinet

372 2056 463 2099 luto
490 2050 723 2111 corporali,
750 2065 829 2093 nec
858 2050 900 2092 in
928 2049 1129 2092 vitiorum
1152 2058 1308 2093 merset
1331 2050 1564 2108 voragine:
1590 2049 1624 2093 si
1645 2065 1741 2092 cas-

373 2126 477 2184 tiget
503 2132 674 2166 carnem
705 2135 852 2170 suam3
888 2134 941 2162 ne
973 2127 1167 2162 moretur
1202 2121 1255 2163 ad
1289 2135 1485 2170 cursum,
1510 2127 1552 2163 et
1586 2118 1740 2164 arvinae

373 2193 539 2254 pinguis
554 2192 741 2251 pondere
758 2192 1025 2249 degravetur.
1047 2189 1215 2233 Bonum
1234 2191 1479 2234 calceamen
1487 2196 1575 2232 tum
1590 2188 1739 2232 animoe

374 2263 578 2325 pudicitia
602 2263 677 2305 est.
713 2262 857 2305 Bonus
881 2275 1052 2318 gressus
1073 2268 1137 2302 est
1158 2260 1200 2302 in
1222 2259 1398 2318 vestigio
1420 2258 1634 2302 castitatis.
1660 2258 1739 2302 Sa-

376 2335 534 2394 pientia
568 2340 710 2375 autem
747 2331 928 2374 amictus
964 2338 1027 2373 est
1062 2330 1237 2380 animae3
1277 2331 1391 2373 unde
1416 2329 1621 2388 scriptum
1642 2337 1736 2372 est=

387 2425 404 2448 α
425 2407 596 2450 Honora
619 2416 712 2447 eam
730 2435 741 2453 ,
770 2411 813 2446 et
840 2403 1122 2461 amplectetur
1154 2400 1238 2444 te⁰.
1267 2420 1283 2442 »
1306 2403 1485 2445 Utamur
1509 2413 1612 2459 ergo
1641 2413 1739 2443 cor-

374 2493 478 2538 pore
506 2485 707 2533 tanquam
737 2475 1046 2522 calceamento,
1074 2473 1127 2514 ad
1159 2472 1367 2515 inferioris
1393 2485 1520 2531 opera
1544 2471 1734 2515 virtutis:

376 2551 431 2593 ad
451 2544 758 2596 ministerium,
780 2559 866 2588 non
893 2545 946 2587 ad
970 2540 1239 2602 praeceptum'
1259 2556 1269 2585 ε
1291 2544 1344 2587 ad
1360 2542 1632 2601 obsequium,
1651 2554 1737 2585 non
1797 2551 1800 2604 ζ

422 2657 432 2674 ¹
449 2649 544 2683 Cant.
568 2657 625 2683 vn.
642 2656 672 2680 ι.
690 2665 731 2671 -
748 2654 761 2671 ²
780 2646 857 2679 lsai.
878 2657 936 2685 m,
955 2655 988 2688 7.
1004 2662 1044 2671 -—
1063 2643 1145 2681 ³16.
1161 2655 1259 2686 nvn,
1279 2656 1308 2679 2.
1325 2663 1367 2671 —
1383 2644 1395 2672 ⁴
1414 2643 1499 2682 Psal.
1512 2653 1630 2697 famu,
1645 2643 1677 2678 5.
1694 2660 1736 2695 -τ
1797 2642 1800 2686 j

375 2706 390 2730 ⁵
407 2703 511 2737 Exod.
526 2714 577 2744 m,
593 2702 626 2735 5.
643 2718 685 2726 --·
702 2701 717 2724 ⁶
733 2700 891 2741 Prov.1V,
909 2699 943 2733 8.
