1800 3236
343 330 401 378 70
895 318 926 354 sa
966 316 1157 353 Amnnosn

345 410 459 470 quod
480 409 643 467 placeat
668 406 785 455 De03
817 404 887 447 ino·
919 404 1030 447 viam
1060 399 1233 446 Domini
1261 399 1424 459 pergis,
1457 388 1571 445 niam
1594 389 1705 447 viam·

345 494 439 539 quae
462 479 517 522 ait
538 492 548 520 z
584 495 599 516 α
616 476 705 535 Ego
728 490 820 535 sum
843 474 934 523 via,
967 473 1143 523 veritas,
1178 478 1220 514 et
1245 470 1374 515 vita¹.
1403 489 1420 512 n
1456 471 1582 517 Vides
1605 481 1706 532 ergo

344 551 441 610 quia
468 550 535 592 ille
570 548 671 591 vivit
698 544 934 589 seeundum
958 544 1137 588 verbum
1161 542 1264 592 Dei,
1291 541 1363 600 qui
1385 541 1495 586 viam
1519 544 1708 587 ambulat

344 619 512 664 Christi.
535 619 628 677 Ipse
647 618 774 660 etiam
794 615 1001 659 Dominus
1017 615 1131 658 Deus
1148 613 1191 656 in
1207 612 1541 656 Deuteronomio
1562 614 1706 665 docet,

343 691 559 752 quomodo
582 690 623 731 in
645 688 721 731 viis
744 687 830 730 suis
852 686 1042 728 ambules
1059 719 1070 735 ,
1096 684 1240 727 dicens
1266 699 1275 726 :
1293 701 1309 723 α
1324 684 1378 726 Et
1397 696 1530 733 nunc,
1551 683 1704 734 IsraEL

345 763 477 821 »quid
499 760 706 804 Dominus
726 759 840 801 Deus
866 757 973 816 petit
994 772 1016 799 a
1037 764 1079 798 te
1094 788 1105 805 ,
1130 755 1210 797 nisi
1234 761 1282 797 ut
1303 754 1453 797 timeas
1476 751 1708 797 Dominum

345 834 512 878 »Deum
534 841 678 880 tuum,
713 838 755 872 et
786 830 975 872 ambules
1001 828 1043 871 in
1066 828 1142 871 viis
1165 827 1273 884 ejus,
1297 833 1341 869 et
1363 826 1509 884 diligas
1529 831 1644 875 eum,
1667 831 1710 867 et

346 922 363 947 n
377 904 529 948 servius
549 901 732 958 Domino
749 901 838 943 Deo
863 908 937 942 tuo
954 913 1010 942 ex‘
1020 907 1110 941 toto
1133 899 1261 940 corde
1278 904 1367 946 tuo,
1396 904 1440 938 et
1462 904 1548 938 tota
1571 888 1710 939 anima

345 983 447 1018 »tua
474 972 687 1016 custodias
706 972 901 1014 mandata
925 970 1042 1027 ejus,
1073 976 1116 1012 et
1138 967 1319 1026 justitias
1343 964 1476 1023 ejus&
1509 983 1525 1005 »
1558 964 1713 1023 Liquev

344 1047 473 1105 igitur
488 1045 586 1088 alias
607 1044 692 1087 vias
708 1058 799 1085 esse
821 1042 981 1090 carnis,
1003 1040 1102 1082 alias
1123 1039 1208 1082 Dei·
1231 1053 1241 1080 ι
1278 1045 1319 1080 et
1340 1035 1484 1094 siquis
1499 1036 1601 1079 velit
1618 1048 1707 1078 am-

346 1120 495 1162 bulare
511 1117 596 1160 vias
612 1115 706 1164 Dei,
724 1114 831 1157 sciat
847 1113 886 1156 ei
908 1113 1024 1171 prius
1042 1127 1132 1154 esse
1154 1111 1241 1165 vias
1267 1109 1423 1159 carnis,
1443 1115 1486 1152 et
1503 1107 1710 1166 corporis,

349 1198 392 1233 et
413 1187 624 1231 saeeularis
644 1185 857 1243 sapientiae
879 1183 1146 1226 deserendas.

407 1248 502 1302 X1.'
521 1257 780 1313 Relinquens
798 1255 940 1311 itaque
962 1269 1032 1296 eas
1052 1252 1188 1296 David
1207 1284 1218 1302 ‚
1236 1250 1486 1310 pronuntiat
1500 1280 1512 1300 ,
1536 1257 1580 1292 et
1602 1250 1717 1309 apud

350 1330 489 1375 Deum
512 1344 597 1371 non
615 1336 740 1371 tacet.
765 1325 1004 1370 Confitetur
1024 1338 1204 1374 errores,
1229 1338 1315 1366 non
1332 1331 1446 1366 tacet
1466 1323 1620 1382 lapsus.
1648 1322 1716 1366 Si-

351 1402 452 1444 mile
470 1400 529 1443 illi
546 1400 629 1442 hoe
646 1399 774 1441 dixit:
803 1396 1096 1439 «Annuntiabo
1113 1393 1336 1439 adversum
1358 1409 1427 1436 me
1450 1393 1718 1451 iniquitatem

350 1486 520 1514 »meam
542 1467 770 1512 Domino³.
795 1485 810 1507 n
843 1467 886 1510 Si
905 1468 1019 1509 enim
1041 1481 1084 1509 se
1107 1465 1369 1513 accusaverit
1390 1464 1543 1521 justus,
1570 1476 1720 1506 vocem

326 1588 328 1591 ,
354 1542 488 1600 parati
507 1538 766 1582 accusatoris
783 1537 962 1580 exclusit
977 1570 988 1588 ,
1013 1538 1086 1595 qui
1101 1539 1208 1579 solet
1230 1535 1432 1578 acerbare
1452 1540 1652 1592 peecata,
1676 1539 1720 1576 et

354 1610 692 1668 uniuscujusque
718 1623 944 1667 exagerare
964 1607 1134 1666 flagitia.
1165 1606 1362 1649 Obstruit
1386 1618 1488 1663 ergo
1514 1617 1562 1646 os
1591 1603 1684 1661 ejus
1707 1623 1721 1654 ς

357 1674 439 1740 qui'
452 1682 540 1738 ipse
564 1682 616 1722 de
637 1694 682 1722 se
706 1679 834 1721 fuerit
856 1686 953 1721 ante
980 1677 1197 1720 confessus
1216 1709 1226 1725 ,
1250 1684 1293 1718 et
1316 1675 1530 1732 praestruit
1553 1674 1720 1718 veniam

359 1750 615 1794 confitentis.
646 1749 912 1793 Verecundia
943 1755 1115 1790 excusat
1145 1760 1283 1796 reum,
1314 1746 1453 1803 pudor
1475 1758 1576 1787 suus
1599 1757 1722 1787 aceu-

361 1830 425 1865 sat
444 1829 663 1864 auctorem
692 1818 802 1876 (15).
827 1818 913 1870 Qui
934 1818 1047 1862 enim
1065 1832 1139 1860 sua
1163 1817 1316 1859 delicta
1332 1831 1419 1858 non
1441 1815 1590 1865 tacuit,
1609 1814 1723 1858 vide-

360 1900 431 1934 tur
451 1891 493 1932 in
514 1905 557 1932 se
588 1888 771 1931 doluisse
799 1887 914 1945 quod
936 1887 1057 1937 fecit,
1092 1888 1134 1929 iu
1157 1887 1325 1929 diabolo
1349 1885 1586 1945 prodidisse
1607 1885 1723 1943 quod

360 1961 504 2005 suasit.
537 1960 721 2016 Ideoque
743 1959 800 2001 ait
821 1958 1039 2016 Scriptura
1063 1972 1072 2000 ε
1099 1974 1115 1998 «
1131 1958 1277 2001 Justus
1298 1959 1339 2000 in
1362 1957 1537 2000 exordio
1559 1970 1724 2000 sermo—

361 2050 380 2074 »
393 2031 457 2074 nis
474 2039 694 2073 accusator
710 2038 773 2072 est
790 2029 895 2071 sui&
921 2048 937 2069 n
952 2029 1037 2081 Qui
1059 2045 1102 2071 se
1120 2038 1307 2079 accusat,
1326 2029 1405 2071 etsi
1424 2035 1627 2087 peccator
1642 2034 1720 2077 est,

362 2102 500 2160 justus
529 2116 618 2143 esse
641 2100 812 2158 incipit3
841 2099 938 2156 quia
959 2114 1044 2142 nec
1071 2100 1148 2141 sibi
1176 2099 1342 2157 parcit,
1376 2106 1419 2142 et
1442 2097 1518 2141 Dei
1539 2096 1724 2155 Justitias

362 2170 616 2220 confitetur,
641 2185 768 2227 quem
799 2177 918 2227 putat
938 2171 1070 2212 latere
1093 2169 1199 2212 nihil
1229 2185 1364 2228 posse.
1395 2169 1562 2212 Utinam
1588 2167 1726 2212 Adam

365 2255 409 2284 se
430 2241 546 2300 prius
563 2255 778 2289 accusare,
799 2254 926 2297 quam
944 2240 1082 2283 celare
1098 2240 1309 2283 voluisset.
1341 2239 1425 2282 Sed
1443 2255 1527 2284 non
1543 2237 1642 2282 satis
1663 2243 1726 2281 est

366 2320 414 2354 ut
436 2310 717 2354 confiteamur
741 2324 928 2352 errorem
947 2325 956 2352 ε
976 2309 1252 2353 verumetiam
1275 2310 1307 2352 si
1329 2308 1481 2367 corrigi
1504 2310 1696 2351 volumus
1710 2339 1723 2358 ,

364 2395 388 2424 a
403 2381 586 2424 Domino
609 2382 892 2439 postulemus,
913 2389 961 2424 ut
985 2381 1136 2424 doceat
1152 2396 1228 2423 nos
1249 2379 1572 2438 justificationes
1591 2390 1692 2421 ‘suas
1712 2411 1725 2429 ‚

360 2465 417 2495 ne
439 2459 583 2509 postea
610 2466 751 2494 errare
771 2451 994 2510 possimus.
1017 2451 1053 2494 A
1076 2451 1259 2494 Domino
1281 2451 1410 2509 igitur
1431 2450 1573 2494 doceri
1593 2449 1724 2508 petit,

366 2523 464 2580 quia
479 2537 588 2565 unus
610 2531 673 2566 est
690 2523 888 2582 magister
906 2522 1094 2573 noster⁵,
1118 2531 1166 2566 ut
1184 2522 1241 2566 ait
1259 2522 1466 2566 Christus.
1489 2521 1575 2566 Nec
1593 2521 1727 2564 otiose

415 2632 427 2649 ¹
441 2623 540 2657 loun.
553 2634 620 2662 xiv.
633 2625 666 2657 6.
685 2641 728 2649 --
750 2631 766 2650 ⁸
786 2626 886 2660 Deut.
906 2635 939 2667 x,
957 2635 1008 2667 υ,
1029 2626 1078 2661 13.
1099 2642 1140 2656 -α
1153 2627 1169 2652 ⁸
1186 2626 1270 2663 Psal.
1285 2636 1376 2670 xxxi,
1388 2627 1419 2661 5.
1433 2641 1474 2653 --
1491 2624 1615 2667 §Pl-ov.
1629 2630 1726 2667 xvm,

370 2688 423 2724 17.
437 2695 477 2719 -γ
496 2681 511 2706 ⁶
528 2679 650 2715 Matth.
671 2690 770 2722 xxm,
788 2680 841 2718 18.
