1800 3236
383 317 399 350 ι
411 301 465 347 30
925 311 957 340 ε.
998 292 1188 340 ninnosu

374 395 459 441 rint
471 391 683 438 somnium
696 403 820 435 suum
840 388 912 448 qui
925 388 1178 434 videbantur
1191 382 1269 429 sibi
1287 389 1448 443 potare,
1466 379 1554 441 jam
1565 379 1711 427 sitiunt
1726 393 1736 425 e

372 466 446 526 qui
474 463 771 525 epulabantur,
800 460 1008 509 esuriunt,
1042 458 1148 503 nihil
1176 455 1361 500 solidum
1384 467 1436 498 ex
1453 451 1533 499 isto
1557 452 1738 503 somnio,

371 536 693 599 perfectumque
716 533 957 577 reserentes.
981 530 1034 574 Et
1054 531 1164 573 bene
1185 526 1400 571 somnium
1421 522 1642 568 dormiunt
1661 538 1741 567 εω-

376 610 540 652 culares
571 607 665 655 viri,
698 605 768 662 qui
790 604 890 646 licet
912 603 1064 645 saeculo
1085 600 1275 658 vigilent,
1306 598 1396 641 Deo
1427 595 1663 646 dormiunt,
1689 596 1743 639 de

375 680 527 737 quibus
547 678 656 719 bene
679 681 849 717 sanctus
867 672 974 721 Joh,
998 671 1070 729 qui
1092 685 1240 713 eorum
1263 676 1360 711 ante
1382 665 1644 710 affluentiam
1666 665 1747 708 mi-

379 749 571 796 rabatur,
590 746 646 788 ait
666 761 674 787 ε
693 762 708 783 ιι
725 743 835 797 Quia
854 743 963 785 sicut
985 743 1114 800 palem
1136 741 1349 799 jactantur
1365 754 1387 781 a
1403 745 1547 787 vento,
1570 745 1614 788 et
1633 737 1745 782 sicut

382 839 400 862 »
414 818 549 878 pulvis
565 805 732 859 turbine
750 814 1074 871 dissipantur-..0
1097 810 1340 854 moriuntur
1361 817 1502 853 autem
1519 823 1617 853 cum
1635 824 1746 854 ama--

374 889 590 933 »ritudine
621 887 770 930 animae
801 900 903 933 suae,
937 883 1044 926 nihil
1076 882 1400 930 manducantes,
1432 879 1623 937 nihilque
1641 879 1743 923 boni

373 955 650 1002 »habentes¹.
671 975 687 997 ν)
710 955 857 999 Justus
889 962 1028 997 autem
1060 953 1221 996 habens
1256 952 1379 994 bonoe
1412 948 1615 993 fiduciam
1638 963 1746 1001 con,-

375 1029 578 1087 scientiae,
609 1028 653 1070 in
682 1026 766 1070 suis
793 1025 926 1083 magis
955 1022 1192 1081 novissimis
1223 1022 1476 1080 gratulatur,
1506 1027 1551 1062 et
1581 1034 1625 1062 se
1650 1017 1745 1062 vitae

374 1100 505 1158 hujus
537 1099 650 1141 exitu
671 1112 695 1154 ‚a
718 1096 935 1140 laboribus
966 1093 1162 1152 intelligit
1191 1092 1380 1142 liberari,
1414 1091 1746 1147 mercedemque

374 1168 479 1215 boni
496 1170 634 1229 operis
650 1177 692 1212 et
708 1168 919 1211 factorum
935 1165 1111 1224 requirit
1127 1164 1273 1207 dicens
1288 1178 1298 1206 t
1316 1182 1332 1201 «
1346 1161 1545 1220 Reposita
1561 1168 1624 1205 est
1639 1160 1745 1205 mihi

375 1255 565 1284 »corona
594 1238 785 1296 justitiae,
817 1252 944 1295 quam
971 1236 1122 1279 reddet
1147 1234 1252 1277 mihi
1279 1233 1487 1276 Dominus
1517 1231 1562 1274 in
1586 1230 1656 1285 illa
1678 1230 1745 1274 die

376 1311 544 1369 »justus
565 1309 722 1367 judex3
745 1323 829 1351 non
854 1309 990 1350 solum
1019 1314 1160 1349 autem
1180 1304 1303 1354 mihi,
1327 1304 1403 1348 sed
1421 1311 1464 1347 et
1483 1301 1534 1347 iis
1553 1301 1627 1360 qui
1642 1292 1747 1347 *dili-

375 1389 512 1439 »gunt
529 1381 756 1423 adventum
774 1378 909 1437 ejus².
938 1396 954 1419 »

431 1452 549 1496 XIII.
588 1451 672 1494 Sed
693 1450 775 1494 hoc
799 1450 869 1493 ille
888 1449 944 1492 ait
954 1481 968 1510 ,
985 1448 1056 1506 qui
1073 1455 1240 1506 poterat
1256 1446 1400 1492 dicere
1420 1460 1430 1489 z
1447 1462 1463 1487 ι
1481 1444 1517 1489 Α
1530 1443 1645 1504 Lege
1663 1460 1721 1499 au
1736 1472 1748 1478 -

371 1532 491 1567 »tem
514 1531 585 1565 tua
612 1537 697 1565 non
722 1520 953 1570 declinavi3
970 1519 1042 1562 »in
1075 1535 1159 1577 quo
1190 1534 1277 1562 non
1305 1506 1446 1561 solum‘
1473 1516 1578 1562 honi
1607 1516 1746 1576 operis

376 1596 516 1637 elucet
543 1593 673 1652 gratia
688 1626 698 1642 ,
733 1594 808 1636 sed
830 1591 957 1634 etiam
981 1590 1140 1634 intimae
1163 1590 1325 1648 puritas
1352 1588 1645 1632 conscientiae,
1661 1588 1747 1632 Lex

375 1664 490 1708 onim
512 1678 599 1706 non
621 1665 759 1706 solum
783 1662 932 1721 agendi
954 1677 1109 1704 munus
1131 1661 1355 1704 informat:
1381 1659 1659 1704 verumetiam
1680 1672 1748 1701 so—

375 1743 502 1778 eretae
524 1735 729 1777 emundat
754 1733 908 1776 mentis
931 1731 1145 1775 affectum.
1171 1731 1266 1775 Non
1287 1731 1402 1774 enim
1423 1730 1560 1773 solum
1584 1729 1628 1771 in
1648 1743 1746 1786 ope.-

374 1807 510 1856 ribus,
536 1805 610 1849 sed
630 1805 757 1849 otiam
777 1805 819 1847 in
837 1803 937 1866 ipsis
954 1803 1133 1847 occultis
1154 1803 1392 1847 secundum
1409 1803 1548 1861 legem
1564 1799 1748 1844 Domino

376 1876 628 1925 militamus;
670 1875 767 1934 quia
803 1874 891 1918 Lex
923 1874 1083 1918 dicitu·
1103 1873 1197 1918 Non
1225 1872 1301 1916 fiat
1330 1873 1508 1916 verbum
1539 1869 1748 1929 injustitia

378 1966 395 1989 »
409 1947 575 1990 occulta
602 1945 645 1987 in
668 1946 796 1988 corde
818 1953 891 1987 tuo
905 1944 917 1966 ³
936 1962 947 1994 ;
965 1963 981 1986 »
994 1953 1042 1987 ut
1062 1959 1149 1988 non
1172 1945 1312 1987 solum
1332 1942 1441 1986 nihil
1461 1956 1589 2001 opere
1610 1941 1749 1986 factis,-

377 2034 460 2076 que
476 2017 711 2074 delinquas,
736 2031 834 2059 cum
852 2016 1057 2075 superbos
1074 2015 1229 2059 videris
1249 2014 1439 2074 glorIari,
1456 2027 1537 2057 nec
1553 2027 1748 2057 sermone

378 2087 558 2133 labaris:
584 2088 657 2130 sed
677 2102 731 2130 ne
754 2087 796 2130 in
820 2088 948 2130 cordo
973 2087 1144 2146 quidem
1171 2082 1337 2141 intimo,
1358 2086 1461 2128 dum
1478 2085 1531 2128 de
1545 2084 1623 2128 Dei
1640 2083 1742 2143 judi·

381 2159 447 2201 cio
481 2157 704 2215 disceptas,
740 2156 964 2200 contrahas
998 2156 1231 2213 iniquitatis
1262 2154 1499 2200 offensam:
1532 2169 1626 2212 qum
1663 2167 1748 2210 quo

381 2237 554 2289 putatur
575 2228 800 2278 occultior,
820 2242 870 2271 eo
888 2227 1151 2286 frequentior
1169 2227 1261 2270 esse
1278 2225 1522 2276 consuevit3
1541 2225 1748 2283 quiartuto

380 2307 504 2361 putat
532 2299 823 2357 unusquisque
850 2300 966 2357 quod
996 2298 1244 2357 hujusmodi
1268 2296 1611 2356 disceptationes,
1634 2296 1749 2340 velut

383 2380 526 2431 septus
547 2370 778 2413 visceribus
801 2370 906 2420 suis,
938 2369 1209 2413 conscientiae
1229 2384 1314 2413 suae
1337 2369 1505 2419 credat3
1535 2382 1635 2411 cum
1661 2367 1750 2425 ipse

383 2444 447 2486 sui
481 2450 700 2506 accusator
731 2441 774 2484 in
812 2442 878 2485 die
906 2441 1055 2499 judicii
1085 2441 1137 2484 sit
1166 2441 1356 2491 futurus3
1389 2447 1488 2500 quia
1510 2440 1751 2492 revelantur

384 2512 524 2556 cordis
549 2511 814 2562 abscondita,
839 2511 1127 2555 testimonium
1143 2511 1395 2572 perhibente
1412 2509 1667 2558 conscientia
1684 2523 1750 2555 ac-

387 2581 674 2628 cusationibus
691 2582 859 2626 nostris.

428 2675 443 2721 ,ξ
463 2670 541 2705 Job.
566 2683 634 2713 xxi,
655 2670 763 2708 18-25.
781 2691 822 2700 --
836 2683 849 2699 ²
869 2684 886 2706 2
902 2673 991 2708 Tim.
1005 2684 1050 2716 iv,
1068 2674 1101 2710 8.
1122 2671 1197 2701 --’3
1209 2674 1306 2710 neut.
1326 2685 1380 2717 xv,
1398 2686 1429 2721 9.
