1800 3236
407 301 457 353 41
468 300 495 352 4
957 307 990 339 s.
1004 327 1006 329 -
1025 309 1222 356 ›aunnosu

413 394 607 438 Occurre
626 404 728 450 ergo
753 389 922 434 advsolis
943 398 1078 441 ortus,
1101 398 1149 433 ut
1170 387 1371 434 teoriens
1389 386 1572 432 inveniat
1589 387 1676 448 jam
1695 392 1774 448 pa-

407 474 547 509 ratum
558 481 569 513 ;
591 479 645 506 ne
659 461 819 505 lumina
838 468 911 504 tua
926 461 1095 505 madido
1113 461 1252 504 adhuc
1270 474 1421 519 sopore
1435 460 1670 519 mergentia
1691 459 1774 519 pri⁴

407 550 502 579 mus
526 534 608 576 diei
628 532 768 590 fulgor,
787 531 980 590 exagitet.

466 604 626 650 XXIII.
660 620 675 642 a
709 603 757 646 In
779 602 909 647 cubili
932 618 1058 654 me03
1084 602 1128 647 in
1149 601 1349 645 noctibus
1369 600 1542 660 quaesivi
1562 616 1692 659 quem
1716 601 1776 645 di·-

409 676 537 721 »lexit
560 675 697 719 anima
720 673 860 725 mea',
892 693 908 715 »
922 674 1026 718 dicit
1051 674 1253 717 Ecclesia.
1287 673 1389 716 Ideo
1410 661 1567 717 meruit
1588 688 1686 717 eum
1715 673 1776 716 in·

409 748 573 798 venire,
598 747 694 790 ideo
716 745 809 804 ejus
829 745 1006 803 gratiam
1026 744 1285 804 promereri;
1310 743 1409 802 quia
1429 744 1558 803 etiam
1580 743 1624 787 in
1644 743 1776 788 cubili

410 819 600 878 quaesivit
621 851 632 868 ,
666 817 857 876 quaesivit
892 817 935 859 in
971 816 1183 859 noctibus.
1223 815 1466 873 Propterea>
1482 814 1651 874 copiam
1682 815 1776 874 ejus

411 893 559 951 adepta
583 888 948 950 inposterioribus
964 887 1153 945 loquitur
1175 887 1228 930 ad
1244 886 1456 944 Sponsum
1475 902 1485 930 :
1502 903 1519 928 ι
1535 886 1671 938 Veni,
1696 887 1775 931 fra-

409 981 425 1004 »
441 970 503 1005 ter
523 976 665 1010 meus,
687 974 885 1002 exeamus
907 958 950 1000 in
969 973 1116 1017 agrum
1130 990 1141 1008 ,
1168 957 1485 1015 requiescamus
1507 957 1550 1001 in
1569 958 1773 1007 castellis,

411 1051 427 1074 ι»
441 1032 630 1075 diluculo
653 1044 875 1088 surgamus
897 1029 940 1071 in
961 1028 1147 1073 vineas².
1173 1046 1190 1069 n
1203 1027 1400 1070 Advertis
1417 1022 1780 1086 quemadmodum

410 1104 574 1162 Sponsa
604 1102 788 1146 Verbum
810 1100 959 1143 invitet
979 1099 1056 1142 Dei
1075 1116 1088 1149 3
1115 1107 1161 1143 ut
1181 1099 1322 1143 veniat
1341 1099 1384 1142 in
1411 1106 1572 1150 terras,
1596 1107 1639 1143 et
1661 1101 1782 1143 tollat

410 1181 586 1234 peccata
598 1172 746 1215 mundi
761 1170 779 1212 P
797 1170 909 1229 Ager
931 1170 1011 1230 hic·
1022 1178 1114 1218 erat
1129 1178 1228 1212 ante
1249 1171 1440 1214 desertus
1454 1201 1466 1220 ,
1482 1169 1674 1214 sentibus
1687 1185 1781 1213 nos.-

412 1254 575 1289 trorum
597 1242 813 1300 squalidus
844 1241 1118 1294 delictorum,
1144 1241 1342 1291 horridus
1374 1240 1516 1299 spinis.
1550 1240 1782 1284 Castellum

413 1322 519 1363 erat,
539 1315 581 1356 in
605 1327 688 1370 quo
710 1313 920 1370 relegatus
941 1312 1079 1354 Adam
1101 1319 1307 1369 perpetuo
1324 1326 1410 1354 suae
1428 1311 1687 1369 posteritatis
1703 1311 1781 1354 hae·

412 1388 534 1430 redes
553 1384 785 1441 stringebat
812 1382 949 1425 exilio.
978 1381 1054 1425 1110
1072 1396 1172 1439 ergo
1192 1381 1310 1425 ducit
1333 1381 1526 1425 Ecclesia
1543 1381 1778 1432 Christum,
1798 1415 1800 1436 z

412 1465 462 1500 ut
482 1455 619 1499 Adam
640 1454 808 1497 liberet.
834 1451 1000 1495 Deinde
1021 1451 1214 1512 exulibus
1238 1451 1464 1501 absolutis,
1486 1451 1616 1510 coepit
1631 1451 1780 1495 mundi
1798 1440 1800 1463 ³

412 1526 531 1569 istius
554 1540 651 1584 ager
674 1524 849 1566 idoneos
868 1523 1026 1565 habere
1047 1522 1233 1564 cultores
1258 1537 1267 1564 :
1288 1530 1331 1565 et
1351 1522 1422 1580 qui
1444 1530 1535 1566 erat
1557 1530 1658 1566 ante>
1673 1522 1781 1582 jeju,-

410 1614 515 1648 nus,
551 1597 685 1643 factus
716 1604 779 1638 est
811 1594 905 1638 vitis
936 1601 1104 1657 aeternae
1134 1593 1399 1652 plantatione
1433 1593 1659 1638 foecundus
1691 1594 1779 1638 Nec

411 1679 553 1713 tamen
576 1668 635 1711 sic
647 1665 905 1725 spiritalibus
922 1666 1015 1708 laeta
1034 1665 1279 1723 palmitibus
1297 1673 1500 1723 evagatur
1519 1666 1619 1709 :sed
1634 1664 1688 1723 agl
1702 1664 1778 1709 has

410 1742 552 1786 vineas
570 1746 694 1782 vocat
716 1737 932 1780 Christum
945 1769 956 1786 ‚
975 1736 1050 1778 ubi
1065 1737 1293 1794 psallentes
1310 1736 1416 1786 sint,
1434 1743 1477 1780 et
1492 1744 1663 1780 orantes
1678 1770 1689 1788 ,
1702 1736 1791 1794 ubi-

410 1804 607 1856 noctibus
630 1824 678 1852 ac
696 1808 845 1859 ,diebus
865 1795 1028 1850 fructus
1046 1807 1242 1850 innoxius
1263 1815 1517 1865 perseveret.

469 1879 629 1926 XXIV.
667 1896 684 1918 α
717 1878 804 1928 Ibi,
830 1876 990 1935 inquit,
1017 1878 1128 1920 dabo
1149 1879 1283 1922 ubera
1312 1893 1407 1923 mea
1429 1878 1508 1921 tibi
1532 1893 1543 1921 z
1566 1879 1776 1935 dederunt

410 1952 730 2008 »mandragorae
760 1946 978 1992 odorem³.
1009 1965 1027 1989 n
1053 1947 1250 2006 Plerique
1278 1948 1527 1992 discernunt
1546 1949 1774 2007 quemdam

410 2023 520 2066 inter
539 2022 840 2077 mandragoras
870 2033 1015 2061 sexum
1026 2035 1038 2068 3
1063 2027 1110 2062 ut
1138 2027 1183 2062 et
1201 2033 1340 2062 mares
1361 2027 1514 2077 putent
1532 2033 1626 2062 esse
1641 2027 1685 2062 et
1703 2008 1777 2062 foer

410 2092 546 2137 minas
561 2124 572 2141 ‚
597 2092 668 2133 sed
688 2089 880 2132 foeminas
903 2089 1040 2147 gravis
1069 2088 1222 2131 odoris.
1255 2087 1477 2147 Significat
1505 2102 1607 2146 ergo
1628 2097 1782 2147 gentes:

409 2178 502 2221 quae
523 2170 619 2204 ante
634 2160 855 2209 foetebant,
874 2174 973 2202 cum
991 2166 1131 2206 essent
1147 2158 1402 2203 infirmiores
1415 2158 1572 2202 evirata
1591 2159 1782 2216 quadam—

409 2232 698 2278 imbecillitate
717 2229 904 2290 perfidiae
917 2263 929 2279 ,
952 2229 1054 2272 boni
1071 2229 1212 2273 odoris
1235 2230 1424 2273 fructum
1445 2229 1770 2287 ferre‘coepisse,

405 2312 629 2364 postquam
675 2301 718 2344 in
762 2300 991 2344 adventum
1032 2300 1204 2344 Domini
1245 2300 1535 2344 crediderunt.
1576 2299 1774 2358 Legimus

406 2376 534 2420 etiam
551 2374 668 2431 quod
682 2371 983 2430 mandragoras
1006 2370 1217 2428 acceperit
1238 2379 1382 2414 sancta
1401 2370 1563 2416 Rachel
1585 2385 1608 2413 a
1630 2378 1774 2417 sorore.

409 2461 484 2490 sua
505 2444 580 2489 Lia
593 2444 605 2466 '⁸
621 2461 633 2495 3
660 2451 710 2486 ut
732 2443 989 2486 concederet
1009 2441 1051 2484 ei
1069 2442 1137 2485 illa
1160 2450 1287 2485 nocte
1308 2442 1495 2486 dormire
1509 2456 1608 2485 cum
1625 2450 1772 2487 sancte·

404 2515 559 2561 Jacob.
591 2515 888 2572 Mandragoras
911 2513 1064 2557 Ruben
1090 2512 1398 2572 primogenitus
1428 2514 1623 2557 attulerat
1647 2512 1778 2576 matri*

448 2630 459 2646 ι
480 2610 578 2654 Cant.
604 2629 656 2658 ιιι,
683 2628 712 2652 ι.
737 2634 779 2644 --
804 2626 818 2643 ³
845 2615 899 2650 Id.
923 2626 992 2658 vu,
1013 2625 1063 2651 ιι.
1081 2633 1123 2642 --
1147 2618 1164 2643 ³
1190 2617 1281 2652 lbid,
1307 2617 1357 2651 13,
1384 2635 1427 2644 -
1451 2619 1467 2648 4
1493 2617 1640 2660 Id.xxx,
1656 2617 1720 2659 ¹⁴2⁷
1736 2620 1770 2652 et

404 2685 498 2723 seqq·
1642 2687 1644 2690 .
