1800 3236
325 295 412 348 466
869 307 903 338 s.
940 265 1135 338 Aunaosn

325 385 625 431 abscondentis
645 383 850 444 perfidia,
881 385 961 431 etsi
992 386 1123 444 apud·
1142 384 1281 438 Deum
1306 385 1421 428 nulla
1438 384 1491 428 sit
1507 385 1682 429 latebra.

325 457 427 502 Ideo
462 449 650 500 Ecclesia
682 455 725 498 in
759 454 944 499 Cantieis
966 471 1039 498 sua
1061 455 1098 498 ei
1120 463 1282 498 secreta
1298 456 1596 514 'mouisti-abet,
1622 455 1690 499 di-

324 542 430 571 cens
463 540 475 569 τ
502 544 517 566 α
538 525 764 570 Assumam
788 534 851 576 te,
886 535 929 570 et
957 526 1158 569 inducam
1188 535 1230 569 te
1259 526 1301 568 in
1332 522 1508 570 domum
1544 526 1690 571 matris

324 612 461 640 »meae
474 629 485 647 ‚
506 605 551 640 et
575 597 619 640 iu
639 604 852 640 secretum
865 588 965 656 'ejus
989 612 1083 655 quae
1103 597 1298 655 concepit
1313 596 1427 640 me'.
1454 616 1471 638 n
1485 597 1591 641 Nam
1610 596 1691 642 etsi

325 669 441 714 Deus
463 668 603 712 omnia
631 667 772 712 videat
794 669 934 728 cordis
969 670 1136 712 occulta
1152 684 1163 718 3
1187 669 1348 711 bonum
1378 676 1520 711 tamen
1548 676 1615 711 est
1643 674 1693 711 ut

327 738 620 796 unusquisque
641 738 825 783 animam
845 754 964 782 suam
987 739 1026 781 ei
1050 738 1209 796 aperiat
1229 740 1520 798 et'expandat‚
1541 747 1585 782 et
1605 746 1696 782 tuna

328 823 457 866 quam
472 808 623 855 lumini
639 840 651 858 ,
674 810 741 852 vel
756 809 887 852 calori
904 809 996 866 ejus
1018 817 1229 851 occurrat.
1259 808 1357 860 Neo
1374 808 1589 852 immerito
1609 810 1696 867 glo—

328 872 463 922 riatur
475 878 688 937 Ecclesia,
708 879 854 923 dicens
874 895 915 922 :a
927 881 1016 939 Ego
1038 895 1153 923 eram
1170 879 1213 922 in
1232 880 1369 933 oculis
1383 879 1477 937 ejus
1492 887 1696 938 tanquam

329 948 575 991 »inveniens
605 964 755 1008 pacem
777 949 791 971 ²
810 967 822 1000 3
846 951 1076 1008 »quoniam
1101 951 1187 994 vias
1210 965 1305 993 suas
1327 952 1508 1008 prodere
1530 965 1618 994 non
1640 949 1698 994 ti—

223 1056 226 1075 ,
326 1019 487 1064 mahat.
513 1018 623 1063 Justi
640 1035 741 1078 ergo
761 1028 824 1064 est
846 1020 923 1064 ista
939 1036 1020 1065 vox
1038 1036 1050 1063 ε
1065 1021 1226 1064 «Oculi
1246 1021 1361 1064 enim
1380 1020 1553 1076 Domini
1572 1036 1702 1079 super

331 1089 497 1148 »justos
513 1089 544 1133 ⁸.
571 1108 588 1131 a·
602 1090 750 1148 Itaque
772 1091 955 1135 Domino
969 1093 1071 1136 Jesu
1097 1092 1266 1141 Christo
1282 1125 1294 1144 ,
1313 1093 1386 1151 qui
1404 1101 1469 1136 est
1488 1093 1553 1136 via
1569 1100 1613 1136 et
1631 1106 1700 1135 ve·

331 1160 458 1212 ritas,
483 1161 593 1204 bene
610 1161 693 1205 hoc
716 1161 874 1207 (licitur
894 1164 947 1206 ab
978 1163 1027 1206 iis
1050 1163 1122 1221 qui
1145 1164 1260 1206 illam
1286 1179 1428 1208 veram
1450 1163 1562 1207 viam
1585 1162 1697 1214 fitis,

332 1231 546 1281 moribus,
560 1239 744 1290 actuque.
761 1233 1001 1277 desiderant
1013 1235 1241 1278 convenire
1267 1249 1283 1276 t>
1295 1252 1311 1274 ι
1331 1234 1492 1279 Omnes
1500 1234 1577 1278 viae
1593 1246 1701 1279 meae

334 1317 510 1346 »coram
534 1311 603 1353 te,
633 1303 829 1348 Domine.
855 1322 872 1345 n
895 1305 1018 1349 Nulla
1045 1305 1159 1348 enim
1189 1313 1328 1364 potest
1358 1305 1423 1348 via
1449 1320 1543 1349 esse
1562 1305 1699 1355 bona,

333 1372 415 1416 nisi
439 1387 566 1430 quam
592 1380 638 1416 tu
664 1372 985 1426 illuminandam
1005 1376 1069 1419 tui
1091 1375 1327 1430 visitatione
1349 1376 1522 1420 luminis
1541 1375 1703 1435 judic-a-

335 1444 445 1487 veris
467 1459 478 1488 t
504 1444 574 1487 cui
594 1453 658 1488 est
678 1445 830 1496 honor,
852 1446 999 1505 gloria,
1018 1448 1125 1497 laus,
1147 1447 1406 1506 perpetuitas
1424 1463 1447 1492 a
1469 1447 1705 1507 sgeculismt

338 1529 470 1566 nunc,
494 1523 539 1559 et
566 1531 750 1574 semper,
777 1526 821 1561 et
837 1517 883 1562 in
904 1517 1048 1562 omnia
1074 1518 1226 1562 saecula
1247 1519 1515 1562 saeculorum.
1546 1517 1699 1564 Amen.

338 1678 1707 1700 mmmmmnsmmw-mmmmmnzmmmmm

849 1806 1033 1853 SERMO
1065 1807 1170 1852 XXI
1176 1808 1206 1850 1..

974 1939 1078 1989 Tau.

411 2088 442 2131 l.
479 2088 641 2134 Iucn’rr
662 2088 802 2132 littera
830 2089 925 2133 Tau
938 2122 948 2141 ‚
967 2105 1061 2148 quae
1077 2090 1204 2134 latina
1226 2091 1574 2150 interpretatione
1590 2090 1713 2150 signi-

353 2155 453 2200 ficat
464 2189 476 2207 ,
491 2158 680 2203 «Erravit
694 2174 704 2201 ε
718 2177 733 2200 υ
748 2159 825 2202 alia
839 2160 1130 2219 interpretatio
1141 2161 1270 2205 habet
1285 2194 1297 2210 ,
1313 2179 1329 2201 α
1342 2161 1670 2205 Consummavit.
1685 2178 1704 2202 n

354 2227 471 2280 Quid
484 2236 566 2279 est,
588 2229 775 2273 erravit?
796 2229 1360 2289 Vigesima-secundalittera
1379 2240 1461 2280 est,
1488 2245 1581 2289 quae
1602 2231 1717 2290 apud

352 2298 553 2344 Hehraeos
569 2308 633 2343 est
655 2300 989 2346 ultima.Psalmo
1007 2310 1148 2345 autem
1167 2302 1248 2346 isto
1260 2335 1271 2352 ‚
1286 2303 1467 2353 honest,
1483 2303 1715 2347 centesimo

355 2370 697 2414 octavo-decimo
727 2371 966 2429 profectum
996 2373 1177 2417 hominis
1207 2374 1389 2417 diximus
1419 2369 1647 2434 significari
1671 2372 1685 2396 ⁸
1699 2405 1714 2426 ,

353 2439 426 2497 qui
448 2439 650 2484 doctrinae
670 2441 840 2485 moralis
857 2443 1105 2501 magisteriis
1137 2443 1328 2499 eruditus
1341 2478 1352 2495 ,
1374 2444 1606 2507 deponeret
1621 2449 1717 2487 o‘mss

354 2524 455 2553 nem
475 2509 756 2555 inexercitatae
779 2513 931 2557 mentis
951 2514 1170 2558 infantiam
1196 2529 1207 2557 ε
1233 2523 1465 2558 assumeret
1485 2523 1627 2558 autem
1641 2528 1719 2558 ve-

401 2608 412 2624 ¹
436 2602 534 2635 Cant.
560 2612 635 2644 vm,
655 2614 687 2638 a.
711 2621 750 2630 —·
769 2614 783 2630 ⁸
807 2604 899 2641 lbid.
928 2616 977 2642 ιο.
995 2624 1036 2631 -
1054 2607 1068 2632 ³
1090 2606 1172 2645 Psal.
1200 2618 1318 2645 xxxin,
1345 2606 1399 2641 16.
1424 2624 1466 2632 --
1491 2607 1505 2634 ⁴
1531 2605 1573 2640 In
1590 2605 1717 2650 prolog.

355 2654 449 2698 hujus
465 2654 595 2689 Psalmi.
