1800 3236
338 329 422 373 322
887 345 918 373 s.
957 344 1151 374 annnosn

335 442 354 466 »
367 422 585 468 coronavit
604 437 702 467 eum
713 430 850 465 mater
870 422 960 480 ejus
977 424 1020 466 iu
1035 424 1101 467 dic
1114 423 1369 482 sponsalium
1384 424 1476 482 ejus
1488 457 1498 474 ,
1519 433 1561 467 et
1580 423 1622 467 in
1636 422 1704 467 die

337 493 644 554 »jucunditatis
672 494 810 536 cordis
839 493 930 551 ejus
952 494 981 537 ¹.
1010 494 1106 538 »Ad
1131 495 1290 537 animas
1315 495 1537 538 diciturvut
1558 509 1582 537 e
1604 509 1705 553 gur-

337 565 482 623 gustiis
498 572 541 608 et
557 564 747 607 claustris
764 573 916 607 exeant
942 566 1231 623 corporalibus
1244 599 1255 616 ‚
1280 574 1396 610 extra
1419 565 1609 625 corporis
1627 581 1679 609 co
1698 592 1704 597 ·

338 636 563 696 gitationes
584 643 758 688 exeant,
781 636 1053 693 egrediantur
1074 653 1094 680 a
1117 637 1442 696 cupiditatibuS‚
1462 645 1505 680 et
1524 651 1545 679 a
1563 636 1675 680 curis
1689 669 1701 687 ,

337 716 380 751 et
395 723 416 750 a
438 703 600 749 caeteris
622 706 758 749 carnis
777 706 895 750 istius
913 707 1134 750 affectibus
1149 742 1161 759 ‚
1180 717 1223 750 ct
1244 708 1417 751 lubricis
1441 695 1705 765 passionibus

320 793 462 837 supra
478 777 687 821 mundum
707 776 960 825 ascendant,
981 779 1032 820 de
1058 779 1140 821 hoc
1162 778 1324 821 mundo
1347 786 1519 827 exeant,
1535 777 1704 820 Christo

336 856 587 912 occurrant„
618 855 775 906 paratae
812 848 950 891 adsint
979 847 1142 897 facibus
1175 844 1422 891 ardentibus
1443 849 1696 896 relucentes.

302 915 305 918 ⁴
336 919 469 973 Quasi
492 914 642 977 Angeli
665 918 823 962 Christi
846 919 937 962 haec
963 921 1199 978 loquuntur
1221 936 1230 963 t
1256 920 1346 964 Non
1367 920 1540 979 potestis
1560 920 1704 962 videre

335 991 572 1037 claritatem
604 989 719 1048 ejus,
746 989 928 1048 gloriam
955 990 1047 1048 ejus
1066 1024 1076 1041 ,
1103 991 1182 1034 nisi
1211 991 1486 1050 egrediamini
1506 990 1703 1047 hum-anae

318 1061 566 1119 'fragilitatis
589 1075 735 1110 curaS,
755 1059 851 1103 filiae
867 1060 1146 1105 Hierusalem.
1175 1061 1306 1114 Quasi
1324 1061 1468 1104 dicant
1483 1060 1624 1113 :Quid
1640 1060 1694 1104 vi-

332 1141 503 1179 ventem
526 1132 637 1177 inter
657 1139 848 1174 mortuos
870 1132 1088 1189 quaeritisi'
1110 1133 1202 1176 Non
1224 1132 1332 1175 intra
1356 1132 1470 1175 hunc
1491 1132 1703 1174 mundum

333 1203 537 1262 quaeritur
567 1202 783 1252 Christus,
814 1202 888 1260 qui
919 1207 1046 1261 supra
1078 1203 1290 1245 mundum
1328 1218 1425 1245 suos
1460 1202 1593 1246 voluit
1612 1216 1704 1244 esse

332 1273 585 1331 Discipulos.
614 1273 720 1325 Quae
742 1282 805 1317 est
831 1288 986 1316 corona
1014 1289 1095 1331 qua
1120 1283 1356 1317 coronatur
1377 1273 1570 1316 Christus
1586 1305 1598 1323 ‚
1623 1270 1703 1315 nisi

334 1360 492 1390 corona
513 1343 684 1403 gloriaei'
704 1343 864 1403 Joseph
896 1359 1099 1387 coronam
1121 1344 1272 1387 habuit
1293 1343 1496 1386 castitatis
1513 1376 1524 1393 ,
1547 1342 1701 1386 Paulus

333 1416 527 1476 justitiae,
546 1417 694 1459 Petrus
717 1414 830 1458 fidei.
861 1415 1136 1474 Singularum
1156 1415 1361 1459 virtutum
1393 1427 1562 1458 coronae
1585 1422 1695 1457 sunt.

336 1488 459 1532 Solus
483 1487 673 1531 Christus
703 1487 834 1530 habet
868 1502 1068 1530 coronam
1095 1487 1259 1544 gloriae,
1290 1502 1372 1544 qua
1390 1501 1490 1529 eum
1510 1483 1702 1528 Ecclesia

337 1559 568 1606 coronavit.
589 1559 638 1602 In
653 1559 734 1602 hac
756 1573 915 1602 corona
934 1573 1081 1601 omnes
1109 1573 1277 1600 coronae
1297 1565 1423 1607 sunt;
1448 1555 1546 1615 quia
1570 1555 1701 1614 gloria

334 1646 421 1675 non
436 1629 575 1689 portio
597 1628 724 1672 unius
750 1644 917 1672 coronae
932 1662 942 1679 ,
968 1630 1044 1678 sed
1066 1628 1289 1687 praemium
1315 1627 1508 1671 omnium
1529 1640 1703 1669 corona-

334 1717 432 1748 rum
456 1710 532 1744 est.
792 1698 796 1701 ’
1021 1748 1024 1750 Α

395 1772 492 1816 XII.
530 1771 671 1815 Tertia
704 1770 931 1823 traditione
958 1779 1184 1814 moverunt
1205 1779 1332 1829 caput
1358 1785 1506 1820 suum,
1531 1768 1614 1812 hoc
1636 1776 1703 1812 est

337 1842 580 1891 Christum,
605 1841 677 1898 qui
695 1849 766 1883 est
794 1847 920 1899 caput
944 1857 1029 1884 suae
1054 1842 1200 1899 plebis.
1228 1859 1243 1880 «
1271 1841 1408 1899 Caput
1429 1839 1532 1898 ejus'
1551 1854 1701 1883 aurum

338 1931 355 1957 n
370 1912 534 1970 Cephas
550 1911 580 1955 ².
603 1931 619 1952 ι)
634 1913 753 1955 Unde
770 1920 813 1955 et
829 1912 980 1970 Aquila
1002 1920 1166 1970 petram
1186 1927 1335 1955 aurum
1359 1911 1462 1954 dixit
1481 1926 1491 1953 τ
1511 1910 1703 1969 Symma-

340 1984 445 2029 chus
465 1983 648 2042 lapidem
674 1999 848 2027 aureum
860 1994 874 2034 ¹,
905 1986 1020 2041 quod
1042 1983 1250 2042 significat
1270 1983 1462 2027 stabilem
1479 2015 1489 2032 ,
1506 1983 1690 2025 ‘eminen

340 2064 512 2112 temque
545 2053 819 2112 sapientiam..
851 2054 1015 2113 Corpus
1043 2054 1199 2097 Christi
1229 2054 1417 2097 Ecclesia
1453 2061 1528 2096 est.
1568 2052 1705 2111 HujUs

352 2143 370 2167 ι
393 2125 532 2184 Caput
549 2141 714 2175 aurum,
739 2125 811 2168 »id
834 2134 913 2176 est,
937 2126 1138 2184 sapientia
1162 2126 1342 2183 pretiosa
1359 2131 1602 2168 sanctorum
1619 2132 1703 2175 est,

274 2204 276 2207 ’
340 2197 425 2241 hoc
444 2204 533 2244 est.
557 2196 634 2240 viri
657 2196 755 2254 justi
782 2205 909 2255 atque
939 2197 1180 2255 prudentes.
1215 2214 1232 2236 ι(
1255 2196 1401 2239 Crines
1431 2195 1524 2254 ejus
1548 2194 1707 2245 abietes

343 2268 518 2327 »nigram
542 2268 652 2311 sicut
672 2267 823 2311 corax3
846 2285 857 2318 ;
883 2287 899 2308 n
914 2270 966 2311 de
987 2284 1072 2327 quo
1094 2267 1192 2311 alibi
1217 2268 1272 2310 ait
1291 2283 1301 2310 t
1319 2285 1335 2307 «
1353 2266 1707 2325 Capillamentum

343 2358 360 2382 ι
374 2347 520 2389 tuum,
552 2347 600 2381 ut
622 2353 723 2396 grex
754 2347 971 2384 tonsarum
988 2339 1018 2381 ¹⁶.
1040 2358 1056 2378 »
1081 2334 1181 2380 Id'eo
1211 2337 1554 2395 capillamentum
1571 2370 1580 2385 ,
1597 2334 1708 2393 ‚quia

344 2409 476 2453 virtus
498 2409 689 2452 omnium
708 2424 906 2452 sensuum
922 2408 966 2451 in
983 2408 1120 2466 capite
1141 2416 1216 2454 est.
1235 2426 1249 2446 a
1271 2407 1395 2456 Oculi
1417 2406 1530 2449 enim
1547 2405 1710 2464 sapien-

343 2481 426 2526 »tis
450 2480 495 2524 in
517 2480 655 2538 capite
678 2479 769 2538 ejus
784 2479 814 2523 ⁵.
841 2499 855 2518 a
876 2478 1089 2524 Profunda
1116 2478 1242 2536 igitur
1269 2479 1494 2520 doctorum
1518 2477 1709 2535 pruden-

343 2552 418 2602 tia,
441 2565 534 2609 quae
555 2558 694 2609 potest
714 2565 763 2593 ea
783 2564 877 2609 quae
896 2550 1078 2593 obscura
1093 2556 1190 2592 sunt
1212 2548 1417 2596 revelare,
1441 2554 1485 2589 et
1506 2546 1589 2589 alta
1604 2560 1707 2604 ape-

393 2661 402 2676 ·
428 2654 526 2687 Cant.
554 2664 606 2695 ιιι,
627 2663 734 2687 ιι.-
753 2663 766 2679 a
791 2652 846 2688 Id.
871 2663 904 2693 V,
934 2663 984 2686 ιι.
1003 2669 1044 2677 -—
1061 2653 1075 2676 ³
1098 2651 1184 2686 Ibid.
1202 2669 1243 2676 —
1270 2650 1353 2684 ⁴1d.
1379 2659 1424 2689 vr,
1456 2648 1490 2688 4.
1509 2666 1549 2678 —-
1568 2649 1582 2672 ⁵
1601 2646 1710 2681 Eccle.

345 2718 370 2745 ,ι
387 2730 398 2748 ,
429 2706 480 2746 14.
