1800 3236
429 318 650 352 mosum
679 318 724 351 n«
752 310 943 352 »simu
973 319 1118 352 cxvm.
1393 307 1450 354 33

26 439 27 442 ,
90 390 264 444 *damnat
289 397 471 465 judicio,
495 415 624 460 quam
653 396 1001 462 imprudentiam.
1029 398 1227 461 Frigidus
1249 409 1315 446 est
1337 401 1454 448 enim

24 467 36 514 ἶ.;
87 468 165 529 'qui
181 468 311 515 fidem
334 471 499 516 nescit:
524 472 686 517 calidus
708 473 781 532 qui
806 468 987 532 Spiritus
1008 472 1144 518 sancti
1167 473 1335 517 fervore
1354 487 1457 517 suc-

24 571 35 589 2
88 553 245 604 tensus·
265 550 342 586 est,
369 542 455 596 Qui
475 557 576 604 ergo
593 544 779 588 calorem
799 543 901 588 fidei
921 559 1009 589 non
1023 544 1170 602 habet,
1193 543 1456 589 tolerabilius

20 630 31 677 ⁴j
86 606 148 654 illi
161 610 300 656 suerat
317 611 447 658 fidem
467 630 554 658 non
576 615 804 675 accepisse,
822 631 954 676 ‘quam
974 615 1223 676 neglexisse.
1249 615 1325 659 Est
1338 615 1456 660 enim

84 681 253 741 tepidus
268 683 392 744 pejor
409 684 580 745 frigido,
599 694 650 730 ut
666 685 841 730 Judaeus
856 687 929 746 qui
946 686 1026 731 sibi
1044 685 1216 730 videtur
1231 684 1362 730 fidem
1382 686 1455 730 ha·
1511 685 1527 698 ¹

20 767 23 793 ὲ
84 753 188 799 bere
222 770 351 815 quam
387 771 477 800 non
514 757 659 803 habet.
700 757 874 819 Quanto
912 750 1242 802 tolerabiliorem
1283 772 1457 803 causam

13 822 26 858 Τ
83 825 251 884 gentilis
281 826 434 878 habet,
466 827 539 886 qui
564 837 704 888 potest
729 829 902 873 dicere·
932 828 1028 874 Non
1058 829 1238 889 cognovi
1268 828 1454 887 Legem,

82 909 171 939 non
189 897 330 962 audivi
342 898 591 958 Prophetas,
610 900 707 944 ideo
723 915 810 944 non
825 900 1014 951 credidi3
1034 915 1163 968 quam
1178 900 1250 944 ille
1264 899 1337 959 qui
1352 898 1456 958 legit

81 966 311 1018 omnia,e1
329 969 485 1028 quibus
501 978 732 1015 venturum
747 971 892 1015 Iesum
914 971 1127 1022 crederet,
1146 979 1190 1015 et
1208 985 1296 1014 non
1318 969 1454 1015 credi

81 1036 172 1082 dit?
190 1037 348 1083 Neuter
366 1040 541 1098 quidem
560 1049 811 1092 excusatur,
833 1057 916 1085 nec
938 1042 1011 1085 ille
1030 1042 1104 1100 qui
1127 1041 1259 1100 legit,
1279 1056 1361 1085 nec
1382 1041 1456 1085 ille

24 1112 25 1115 ’
79 1109 153 1168 qui
166 1110 307 1170 legere
323 1111 460 1155 noluit
479 1128 491 1155 ε
515 1114 589 1156 sed
602 1114 698 1172 plus
725 1113 950 1174 delinquit,
971 1113 1045 1172 qui
1066 1114 1238 1172 negavit
1254 1114 1370 1172 quod
1389 1114 1457 1158 le-

20 1233 24 1242 Δ
78 1188 220 1239 gerat,
242 1172 372 1240 quam
396 1183 469 1241 qui
487 1198 618 1242 opera
643 1198 730 1227 non
752 1183 880 1234 fecit,
908 1184 1218 1242 quae'facienda
1242 1199 1331 1228 non
1351 1198 1433 1243 cog
1446 1209 1456 1216 ·-

20 1245 28 1261 ’
77 1250 209 1296 novit.
240 1252 411 1306 Quanta
438 1262 581 1297 autem
604 1252 704 1298 fidei
725 1262 768 1298 et
792 1254 965 1313 justitiae
993 1243 1125 1314 gratia
1146 1262 1210 1298 est
1235 1263 1284 1299 ut
1302 1255 1354 1298 -in
1378 1269 1455 1298 ore

21 1323 23 1326 ’
76 1320 158 1386 Dei
189 1322 245 1366 sit
255 1340 270 1373 3
296 1324 371 1382 qui
402 1324 533 1369 fidem
567 1333 705 1376 tenet,
741 1333 786 1369 et
813 1340 942 1384 opera
969 1333 1140 1369 exercet
1165 1321 1338 1384 jus'titiae
1364 1339 1376 1368 t
1409 1331 1455 1368 et

15 1432 17 1435 ,
76 1402 286 1452 quantum
313 1395 470 1440 amittit
486 1430 499 1448 ,
529 1412 658 1455 quem
685 1396 924 1440 evomuerit
950 1412 1004 1440 ex
1029 1411 1104 1457 ore
1132 1411 1209 1440 suo
1238 1395 1449 1455 Dominus

74 1457 224 1516 «Iesus,
250 1474 296 1510 et
321 1481 373 1510 ex
397 1467 484 1510 suis
508 1467 742 1511 visceribus
766 1464 972 1525 ejecerit:
997 1481 1125 1524 quam
1154 1465 1250 1525 pius
1272 1474 1415 1510 tamen
1437 1498 1451 1517 ,

24 1578 32 1595 „
76 1535 149 1594 qui
162 1544 206 1580 et
225 1535 361 1595 justos
382 1537 427 1580 in
442 1552 519 1580 ore
534 1551 612 1580 suo
631 1545 766 1587 tenet,
788 1545 833 1580 et
851 1535 1033 1594 injustos
1046 1549 1134 1578 non
1154 1543 1253 1579 ante
1272 1537 1448 1587 evomit,

24 1630 26 1634 ·
74 1607 203 1665 quam
214 1600 438 1651 denuntiet
450 1605 730 1656 evomendos3
746 1615 794 1650 ut
810 1608 878 1650 vel
891 1605 1139 1664 hujusmodi
1157 1602 1451 1651 admonitione

26 1697 29 1735 j
73 1678 266 1722 conversi
296 1678 472 1738 dignum
512 1679 673 1738 aliquid
700 1678 889 1722 efficiant
907 1709 920 1728 ,
955 1693 1041 1737 quo
1078 1692 1167 1721 non
1198 1686 1439 1723 vomantur.

30 1775 33 1777 ·
76 1742 201 1795 Nunc
221 1751 396 1795 tertium
411 1751 671 1795 versiculum
693 1749 1026 1794 consideremus.

27 1813 28 1816 ¹
132 1821 292 1867 XXVI.
330 1812 348 1863 i
369 1822 418 1866 In
439 1823 570 1866 corde
589 1834 712 1871 meo,
737 1821 898 1879 inquit,
923 1819 1128 1864 abscondi
1147 1820 1317 1879 eloquia
1341 1828 1439 1870 tua‚‘

24 1895 26 1897 ’
72 1899 152 1936 iut
170 1884 258 1936 non
277 1907 456 1952 peccem
475 1892 583 1937 tibi¹
589 1925 600 1936 .
625 1911 643 1934 ι
668 1893 897 1954 Propterea
919 1906 1022 1954 ergo
1048 1891 1301 1951 mysterium
1328 1892 1440 1951 regis

21 1985 27 2014 ς
69 1963 233 2008 bonum
263 1973 327 2008 est
349 1965 639 2014 abscondere3
661 1971 813 2023 peceat
839 1962 954 2005 enim
973 1961 1089 2012 Deo,
1118 1962 1192 2020 qui
1211 1963 1438 2007 commissa

30 2084 33 2086 ,
70 2035 151 2079 sibi
170 2026 332 2080 secreta
349 2035 551 2094 mysteria
566 2033 781 2094 putaverit
802 2031 984 2093 indignis
1004 2047 1095 2074 esse
1110 2033 1334 2091 vulganda.
1359 2033 1437 2077 Pe-

14 2130 27 2163 ‚j
61 2096 246 2151 :iculum
266 2107 408 2166 itaque
424 2115 487 2150 est
509 2121 595 2149 non
617 2105 755 2149 solum
768 2103 871 2147 salsa
888 2102 1047 2151 dicere,
1065 2102 1140 2145 sed
1156 2102 1284 2146 etiam
1304 2118 1428 2156 τοι-εις

29 2231 31 2235 v
61 2177 96 2221 si
119 2178 213 2236 quis
228 2193 277 2221 ea
298 2177 485 2220 insinuet
499 2175 653 2235 quibus
674 2190 762 2219 non
787 2163 971 2233 oportet.
998 2172 1127 2226 Quod
1147 2172 1295 2217 vitium
1321 2190 1431 2233 qua-

26 2291 29 2293 .
61 2247 331 2307 dripartitu'm
343 2256 420 2299 est,
435 2249 505 2291 vel
519 2245 789 2296 adulationis,
807 2246 876 2290 vel
891 2243 1091 2294 avaritiae,
1107 2245 1176 2288 vel
1194 2243 1424 2302 jactantiae,

5 2340 6 2343 ¹
29 2348 33 2351 «
59 2319 128 2362 vel
146 2310 414 2378 loquacitatis
435 2317 616 2362 incautae
628 2333 642 2368 ς
666 2316 764 2375 quia
786 2316 889 2359 dum
914 2313 1077 2357 adulari
1105 2314 1197 2356 vult
1216 2313 1366 2372 aliquis
1386 2316 1427 2360 ei

58 2387 130 2434 cui
156 2389 368 2448 loquitur,
392 2388 573 2433 effundit
593 2386 859 2446 mysterium.
887 2383 1089 2429 Nonnulli
1115 2377 1245 2427 etiam
1279 2385 1422 2430 studio

57 2459 166 2504 lucri
183 2460 427 2503 mercedem
443 2458 697 2519 proditionis
712 2463 972 2515 sequuntur3
993 2461 1044 2498 ut
1058 2455 1237 2512 tegenda
1253 2454 1421 2515 silentio

56 2530 241 2573 vendant
257 2524 484 2588 loquendo.
508 2528 609 2578 Alii,
624 2535 675 2571 ut
688 2529 810 2586 plura
827 2541 950 2570 nosse
966 2524 1204 2576 videantur,
1225 2533 1269 2568 et
1280 2526 1419 2571 scien-

4 2608 34 2667 A]
56 2598 162 2660 tiam
180 2615 302 2645 suam
324 2599 521 2659 jactitent
533 2632 548 2652 ,
571 2598 768 2659 aperiunt
789 2597 906 2658 quod
924 2596 1065 2644 celare
1085 2596 1304 2644 deberent.
1319 2598 1419 2646 Ple-

99 2702 111 2721 ·
130 2694 218 2730 Psal.
232 2705 349 2736 cnut,
368 2703 382 2728 ι
393 2704 424 2730 ι.

201 2766 300 2798 nvn·
1232 2746 1261 2793 3
