1800 3236
380 289 466 334 230
929 305 961 334 s.
1000 305 1192 335 Aunnosu

372 383 609 426 secundum
620 384 734 441 quod
742 383 930 427 Verbum
943 392 1017 427 ost.
1026 385 1078 428 Et
1088 385 1341 444 operabatur
1351 397 1448 430 cum
1460 386 1619 430 essetin
1629 387 1741 447 prin—

377 454 488 513 cipio
501 456 612 512 apud
622 455 803 498 Patrem.
821 455 1011 512 Denique
1025 476 1038 493 ·
1052 457 1278 515 Peripsum
1291 447 1431 501 omnia
1443 458 1551 501 faeta
1563 457 1683 502 sunt'
1698 476 1733 510 ς»

375 534 424 568 ut
445 525 552 568 scias
584 533 850 583 operatorem
876 527 1068 569 omnium
1090 543 1204 578 esse,
1229 537 1272 571 et
1298 544 1403 588 opus
1432 538 1627 573 nostrum
1655 545 1746 575 esse

378 596 596 640 Christum
628 599 789 639 desum.
830 597 998 640 Etenim
1031 588 1266 642 secundum
1298 602 1414 658 quod
1444 600 1771 653 verbum'est,‘

375 668 554 710 verbum
571 666 897 724 inquirentibus,
920 671 1078 726 grande
1094 685 1199 728 opus
1215 671 1393 714 verbum
1409 673 1486 716 est.
1511 672 1632 716 Unde
1648 680 1748 717 cum

376 738 540 782 Martha
558 737 773 781 festinaret
800 738 913 781 circa
935 740 1242 792 ministerium,
1261 742 1390 785 Maria
1412 751 1553 787 autem
1569 739 1748 788 verbum

375 808 546 852 Domini
574 808 768 851 audiret:
801 824 849 851 oa
877 825 970 866 quae
1005 812 1227 863 audiebat,
1264 813 1302 855 ei
1333 828 1426 871 quoe
1453 812 1748 866 ministrabat,

376 877 532 922 meruit
551 877 763 921 anteferri.
790 878 958 923 Dicenti
982 881 1097 928 enim
1119 882 1292 927 Marthae
1316 898 1360 926 :a
1375 884 1559 934 Domine
1577 896 1663 928 non
1685 889 1751 929 est

377 966 394 989 ιι
408 947 485 991 tibi
509 963 636 999 curae,
663 950 776 1006 quod
797 964 918 992 soror
938 966 1031 995 mea
1052 953 1222 1011 reliquit
1240 968 1310 997 me
1327 954 1459 998 solam
1477 952 1752 1000 ministrare?

379 1018 485 1062 »Dic
509 1035 609 1078 ergo
630 1019 690 1062 ilti
714 1029 760 1063 ut
781 1037 850 1064 me
866 1022 1052 1080 adjuvet.
1076 1024 1371 1083 Respondens,
1389 1027 1497 1070 dixit
1510 1023 1740 1072 Dominus:

382 1090 574 1134 »Martha
590 1124 601 1141 ,
619 1091 836 1138 Martha...
862 1094 992 1138 Maria
1016 1096 1172 1139 bonam
1194 1105 1359 1154 partem
1381 1099 1754 1158 elegit„qtiae‘nott

362 1181 400 1204 t»
414 1163 631 1206 auferetur
653 1163 711 1206 illi
729 1163 759 1208 ².
782 1183 797 1204 »
811 1164 875 1208 Ita
891 1166 1070 1208 verbum
1099 1181 1357 1225 cognoscere
1381 1169 1518 1227 majtis
1543 1164 1650 1229 opus
1663 1177 1756 1216 esse

383 1249 511 1292 quam
530 1234 771 1277 ministrare
785 1264 796 1284 ‚
822 1235 971 1279 divinae
997 1237 1249 1280 auctoritate
1269 1240 1488 1283 sententiae
1509 1239 1722 1286 definitur.

445 1303 542 1349 XII.
573 1303 658 1346 Sed
678 1303 855 1347 sortasse
873 1305 987 1348 dicat
1003 1306 1151 1363 aliquis
1171 1300 1333 1350 dictum
1350 1324 1442 1352 esse
1457 1310 1510 1352 ab
1529 1310 1754 1368 Apostoio}

398 1391 417 1412 κ
437 1373 548 1427 Quia
565 1388 650 1416 non
673 1373 715 1416 in
738 1389 936 1417 sermone
956 1390 1135 1434 regnum
1158 1385 1222 1420 est
1236 1377 1330 1426 Dei,
1354 1381 1428 1422 sed
1449 1380 1493 1422 in
1515 1380 1670 1424 virtute
1685 1380 1714 1425 ⁸.
1730 1398 1748 1423 n

386 1442 601 1503 Scriptum
617 1459 703 1487 non
719 1460 846 1502 nego,
865 1448 938 1488 sed
961 1446 1002 1489 in
1020 1462 1104 1504 quo
1122 1464 1332 1498 sermone,
1354 1462 1588 1509 cognosces
1605 1458 1759 1512 nempe

388 1530 515 1573 quem
551 1515 719 1558 inflatus
750 1516 969 1567 effuderit,
998 1518 1072 1574 qui
1092 1519 1360 1564 audientibus
1395 1531 1534 1564 sermo
1561 1525 1760 1582 prodesse

389 1601 473 1628 non
492 1586 646 1644 possit,
678 1586 750 1644 qui
781 1586 871 1629 sine
893 1588 1133 1633 ostensione
1151 1589 1205 1632 sit
1225 1590 1395 1649 spiritus
1422 1601 1547 1651 atque
1568 1594 1758 1647 virtum,

391 1656 508 1700 hunc
541 1672 780 1700 sermonem
809 1657 963 1702 Paulus
997 1674 1083 1702 non
1116 1660 1313 1719 dignatur
1343 1674 1602 1722 cognoscere
1622 1675 1635 1715 3
1671 1664 1764 1710 vult

393 1728 508 1771 enim
525 1729 656 1787 magis
673 1729 874 1774 virtutem
891 1731 1098 1775 sermonis
1115 1732 1356 1790 agnoscere.
1378 1731 1571 1793 Denique
1591 1738 1764 1781 nolebat

393 1801 521 1843 talem
544 1816 670 1843 suum
695 1816 786 1844 esse
809 1800 1036 1859 Apostolus
1063 1817 1327 1854 sermonem,
1350 1801 1423 1862 qui
1452 1805 1495 1848 in
1519 1805 1764 1853 infirmitate

394 1869 605 1919 veniebat,
633 1879 678 1910 ut
701 1872 805 1914 alios
824 1871 981 1914 faceret
1001 1871 1196 1916 fortiores
1218 1888 1228 1916 ε
1253 1874 1295 1916 in
1317 1875 1468 1918 timore
1488 1884 1538 1918 et
1553 1884 1762 1928 tremor-eg·

394 1947 443 1982 ut
465 1939 659 1982 timentes
682 1939 789 1983 nihil
815 1949 1081 1992 metuerent,
1112 1944 1192 1987 nisi
1218 1945 1447 1989 Dominum
1469 1947 1647 1991 Jesum:
1675 1954 1766 1992 tre-

398 2019 562 2054 mentes
603 2027 754 2070 pacem
787 2011 882 2070 ejus
922 2015 1358 2074 tranquillitatemque
1388 2027 1615 2062 servarent.
1652 2019 1765 2064 Audi

402 2096 502 2139 ergo
531 2084 700 2140 qualem
729 2083 956 2142 Apostolus
985 2101 1228 2129 sermonem
1255 2084 1450 2132 habebatss
1484 2101 1502 2127 (ι
1522 2090 1574 2132 Et
1593 2101 1733 2135 sermo
1750 2124 1762 2142 ,

400 2152 593 2210 »inquit,
619 2168 740 2197 meus
761 2165 804 2198 et
825 2155 1071 2213 praedicatio
1092 2172 1186 2199 mea
1214 2173 1300 2201 non
1326 2159 1368 2202 in
1399 2161 1668 2217 persuasione
1698 2168 1768 2205 'sae3

398 2239 416 2265 ι
430 2223 598 2282 pientiae
618 2225 862 2275 verborum,
882 2226 1009 2269 sedin
1020 2228 1258 2271 ostensione
1275 2229 1444 2288 spiritus
1461 2239 1504 2274 et
1513 2232 1767 2283 virtutis⁴3»·'

403 2294 501 2351 quia
524 2292 630 2336 fides
653 2308 740 2338 'non
770 2296 813 2338 in
833 2296 989 2340 sorensi
1009 2313 1203 2341 sermone
1225 2300 1437 2357 sapientire
1450 2327 1462 2350 ,
1485 2302 1559 2343 sed
1584 2301 1661 2358 Dei
1683 2301 1768 2345 virs

405 2373 498 2408 tuto
527 2364 733 2410 firmatur.
762 2367 874 2426 Ergo
902 2368 946 2411 in
974 2383 1170 2411 sermone
1193 2378 1436 2413 sanctorum
1462 2372 1594 2415 virtus
1615 2381 1702 2422 est,
1723 2373 1768 2416 in

404 2452 600 2480 sermone
619 2446 762 2481 autem
778 2438 934 2482 sorensi
951 2440 1030 2483 isto
1051 2455 1099 2483 ae
1115 2441 1412 2500 philosophico
1426 2443 1586 2487 vanitas
1601 2445 1764 2488 mundi,

406 2506 619 2551 Virtutem
652 2506 795 2552 autom
833 2525 924 2553 esse
960 2510 1002 2553 in
1033 2526 1229 2554 sermone
1258 2520 1503 2555 sanctorum
1531 2513 1658 2557 etiam
1691 2514 1770 2558 iste

353 2589 363 2595 ’
405 2575 617 2635 Propheta
635 2586 677 2621 te
694 2580 861 2631 doceat,
875 2581 948 2639 qui
963 2581 1045 2624 ait:
1062 2582 1296 2625 «Dominus
1312 2583 1429 2626 dabit
1444 2576 1621 2627 verbum
1636 2584 1772 2628 Evam

453 2675 463 2690 ¹
484 2666 581 2702 Joan.
600 2680 623 2708 ι,
637 2670 669 2702 3.
685 2688 728 2697 —
742 2681 756 2697 ⁸
775 2671 854 2706 Luc.
869 2684 903 2714 x,
918 2672 1034 2712 40-42.
1046 2692 1089 2700 —-
1105 2675 1120 2699 ³
1139 2685 1152 2709 ι
1171 2675 1252 2710 Cor.
1267 2685 1313 2716 ιν,
1333 2685 1437 2710 20.-
1457 2675 1596 2716 ⁴›1d.1·=,
1609 2674 1645 2715 ks
