1800 3236
322 328 408 381 324
638 345 643 350 ·
871 336 919 368 3.-
942 335 1133 368 Aunnosu

306 420 553 470 dicandam,
573 422 616 463 et
637 416 857 478 parricidae
879 416 955 460 filii
978 416 1232 475 ingemuerit
1247 416 1482 466 interitum,
1502 424 1544 460 et
1565 415 1680 462 mul-

314 499 457 534 torum
484 489 829 550 persequentium
860 504 903 531 se
927 487 1095 546 flagitiis
1132 488 1342 547 appetitus
1375 486 1609 547 ignoverit,
1635 497 1683 533 ut

314 560 403 621 iPse
420 562 476 604 ait
489 594 500 611 ,
523 561 619 619 quia
639 561 775 604 vicem
792 559 958 616 injuria)
981 560 1232 627 laedentibus
1252 575 1338 602 non
1356 558 1678 618 rependerit·¹‚)

304 632 654 691 ·praevaricatores
690 638 835 673 tamen
868 629 1018 673 divinae
1054 629 1157 688 legis
1184 644 1334 673 exosos
1355 630 1575 672 horrescat
1599 645 1609 670 :
1653 644 1684 673 n

315 720 399 762 quo
440 703 586 761 utique
624 711 666 745 et
696 702 919 745 clementia
956 717 1125 744 morum
1159 701 1252 759 ejus
1267 734 1279 751 ,
1319 701 1684 759 mansuetudoque

314 774 505 833 pietatis,
533 783 575 817 et
596 773 823 817 vehemens
850 772 1083 816 devotionis
1111 773 1300 830 aperitur
1325 772 1504 816 intentio
1521 807 1531 824 ‚
1555 778 1684 817 ev'an-
1719 789 1721 791 ’

303 845 439 902 ·gelici
470 844 671 903 praecepti
701 843 955 887 conveniens
989 842 1244 904 disciplinae,
1279 858 1404 901 quam
1436 843 1685 903 prophetico

316 915 466 973 spiritu
494 914 765 972 praevidebat.
794 914 963 956 Etenim
984 913 1193 956 Dominus
1219 913 1343 957 Jesus
1373 921 1415 956 et
1441 922 1685 958 nostrorum

315 984 585 1027 inimicorum
606 985 876 1027 dilectionem
895 983 1018 1027 nobis
1031 986 1312 1042 expetendam
1328 999 1420 1028 esse
1434 985 1632 1044 praecepit
1643 985 1683 1037 ²,

316 1064 359 1098 et
385 1056 464 1098 Dei
480 1055 646 1106 hostes,
671 1055 835 1098 etiamsi
858 1054 980 1097 nobis
1005 1063 1075 1097 aut
1096 1063 1347 1114 parentum,
1377 1058 1451 1099 aut
1469 1055 1654 1100 filiorum
1673 1090 1685 1109 ,

305 1134 390 1169 *aut
420 1126 610 1184 ,conjugii
645 1125 1021 1184 germanitatisque
1054 1126 1367 1169 necessitudine
1401 1128 1652 1186 copulentur
1670 1159 1684 1178 ‚

318 1196 416 1238 odio
437 1197 768 1254 prosequendos.
799 1196 870 1239 Sic
893 1196 1007 1238 enim
1031 1195 1235 1254 scriptum
1254 1205 1318 1240 est
1335 1211 1346 1238 τ
1363 1214 1379 1236 α
1395 1195 1440 1239 Si
1456 1197 1548 1254 quis
1567 1211 1689 1240 vene-

318 1283 335 1307 »
348 1266 404 1308 rit
424 1267 477 1308 ad
497 1281 567 1308 me
583 1299 594 1316 ,
612 1274 654 1309 et
672 1281 758 1309 non
775 1266 914 1308 oderit
930 1274 1094 1324 patrem
1108 1299 1120 1317 ,
1143 1275 1185 1309 et
1203 1276 1378 1310 matrem
1393 1299 1405 1317 ,
1428 1275 1469 1310 et
1493 1282 1684 1319 uxorem,

318 1344 392 1379 »et
418 1335 550 1388 filios,
573 1345 616 1380 et
636 1337 808 1387 fratres,
831 1344 873 1379 et
900 1352 1090 1387 sorores,
1124 1337 1265 1380 adhuc
1287 1338 1416 1381 etiam
1438 1346 1481 1381 et
1504 1337 1687 1383 animam

302 1426 334 1449 ·»
349 1422 482 1459 suam,
507 1423 593 1451 non
612 1417 675 1451 est
696 1424 764 1451 me
788 1408 937 1466 dignus
956 1407 985 1451 ³.
1014 1427 1031 1449 υ
1541 1412 1543 1415 ⁴

377 1478 490 1522 XVI.
529 1479 658 1531 Quod
677 1478 709 1524 si
730 1479 823 1536 quis
846 1478 987 1521 otiosis
1011 1478 1191 1537 accipiat
1213 1478 1403 1531 auribus,
1426 1480 1604 1525 sortasse
1620 1480 1688 1524 di-

308 1556 421 1591 cat:
455 1549 521 1592 Tu
554 1548 739 1592 Domine
770 1548 871 1592 Jesu
891 1581 902 1597 ‚
937 1550 1074 1608 legem
1114 1551 1266 1594 dedisti
1299 1552 1474 1595 dicens=
1505 1570 1522 1592 α
1552 1551 1689 1611 Dilige

321 1618 582 1662 »Dominum
602 1619 741 1662 Deum
760 1627 881 1663 tuum
896 1653 907 1670 ,
934 1620 1059 1679 dilige
1075 1622 1316 1678 proximum
1340 1630 1460 1666 tuum
1475 1622 1489 1645 ⁶
1507 1639 1520 1673 3
1538 1642 1554 1666 υ
1577 1631 1621 1666 et
1639 1631 1690 1666 ut

319 1686 516 1748 impleres
532 1690 642 1733 hanc
656 1692 810 1749 legem,
833 1690 1008 1734 venisti:
1027 1691 1165 1734 dixisti
1182 1709 1259 1750 per
1278 1692 1434 1752 Legem
1455 1709 1464 1737 :
1481 1713 1495 1733 ἰ
1513 1694 1686 1738 Honora

323 1768 520 1818 »patrem
545 1769 588 1804 et
607 1761 846 1811 matrem⁶3
871 1769 944 1804 »et
968 1761 1012 1803 in
1033 1761 1258 1821 Evangelio
1279 1763 1404 1821 jubes
1424 1773 1471 1808 ut
1495 1772 1689 1823 parentes

324 1831 503 1874 oderim.
533 1831 762 1883 Quomodo
808 1832 888 1874 sibi
925 1832 1183 1875 conveniunt
1222 1833 1300 1877 ista
1331 1844 1542 1895 praecepta
1566 1836 1585 1878 ἶ)
1618 1835 1688 1880 Sic

322 1901 436 1945 mitis
457 1910 500 1944 et
520 1901 691 1945 humilis
715 1902 844 1945 corde
869 1902 1049 1946 venisti?
1068 1903 1163 1947 Non
1184 1920 1358 1963 possum
1382 1908 1495 1950 salvo
1523 1907 1687 1966 pietatis

321 1972 418 2031 jure
438 1973 573 2016 odisse
588 1982 770 2032 patrem,
794 1974 864 2017 cui
882 1975 1017 2018 debeo
1040 1977 1156 2033 quod
1178 1985 1344 2020 creatus
1366 1994 1483 2029 sum,
1507 1988 1688 2024 matrem

323 2043 451 2101 longo
468 2045 618 2087 decem
639 2045 850 2088 mensium
866 2044 1031 2088 fastidio
1053 2046 1112 2104 pii
1129 2047 1254 2091 soetus
1275 2063 1401 2092 onera
1421 2058 1658 2108 portantem
1673 2081 1686 2102 ,

325 2113 393 2155 cui
407 2113 450 2155 in
472 2115 734 2158 absolutione
755 2117 848 2173 plus
868 2115 1063 2174 periculi,
1082 2116 1125 2159 in
1146 2118 1347 2162 dilatione
1362 2121 1456 2178 plus
1474 2121 1585 2164 taedii
1607 2130 1682 2166 est.

325 2183 442 2235 Quid
464 2184 695 2228 dulcissimi
715 2194 935 2229 merentur
955 2186 1052 2237 filii,
1079 2197 1127 2231 ut
1157 2204 1179 2231 a
1205 2199 1381 2248 paterno
1408 2193 1690 2237 excludantur

326 2268 493 2304 amore3
513 2270 612 2298 cum
636 2255 688 2298 sit
705 2255 1013 2315 impium‘mori
1035 2259 1148 2301 nolle
1164 2275 1241 2318 pro
1265 2261 1436 2304 liberis?
1452 2262 1567 2315 Quid
1582 2278 1690 2306 uxor

326 2323 570 2368 charissima
589 2328 780 2383 quaedam
795 2327 886 2370 vitae
904 2327 1107 2379 cohaeres,
1123 2338 1165 2372 et
1184 2332 1443 2375 consortium
1461 2348 1689 2378 commune

322 2394 521 2437 -naturaei’
549 2395 665 2447 Quid
692 2396 842 2440 fratres
875 2397 1021 2440 iisdem
1057 2402 1245 2444 concreti
1273 2401 1501 2446 visceribus
1520 2437 1532 2454 ,
1563 2412 1688 2462 atque

324 2464 493 2508 formati
508 2467 659 2509 eodem
675 2477 835 2511 naturae
851 2469 1032 2528 hospitio
1051 2470 1092 2513 in
1110 2472 1225 2516 hunc
1247 2489 1370 2517 usum
1392 2475 1498 2519 lucis
1514 2476 1654 2519 emissi
1668 2475 1688 2518 ἱ)

327 2536 503 2581 oderim
523 2553 623 2597 ergo
643 2539 820 2598 pignora
845 2541 1090 2585 charitatis?
1116 2545 1178 2587 Ita
1197 2545 1413 2605 Evangelii
1433 2546 1608 2591 lenitate
1627 2547 1687 2591 ri-
1729 2594 1731 2597 ,

372 2638 383 2653 ¹
400 2629 484 2663 Psal.
503 2634 566 2672 v1¹,‘
582 2632 613 2665 5.
638 2651 679 2659 -—
706 2643 719 2658 ¹
746 2634 865 2668 Matth.
884 2646 919 2675 v,
937 2634 993 2675 44.
1007 2654 1048 2662 --
1070 2638 1083 2662 3
1109 2638 1189 2674 Luc.
1210 2649 1276 2682 xiv,
1299 2640 1350 2675 26.
1367 2657 1409 2667 ·—
1434 2642 1448 2670 4
1465 2641 1565 2677 Deut-
1590 2652 1637 2684 vr,
1651 2642 1683 2674 5.

328 2700 371 2725 ,-
386 2684 400 2709 ⁵
415 2685 522 2720 Levit.
538 2697 594 2727 xx,
612 2698 662 2733 ια,
681 2693 715 2724 et
730 2688 847 2725 Matth.
862 2700 916 2732 xv,
931 2690 966 2730 4.
