1800 3236
313 254 400 310 428
865 262 897 293 ε.
936 263 1128 295 Aunnosn

370 345 462 393 VII.
475 344 641 389 Primus
658 342 801 401 itaque
818 356 961 386 versus
971 350 1035 386 est
1048 357 1058 385 :
1075 359 1093 382 α
1104 341 1212 387 Vide
1227 341 1508 388 humilitatem
1520 358 1677 397 meam,

313 426 387 462 »et
410 432 514 461 erue
539 431 634 465 me;
662 407 862 472 quoniam
885 415 1023 473 legem
1046 422 1163 459 tuam
1187 429 1275 458 nou
1301 431 1395 459 sum
1416 416 1623 462 'oblitus‘⁶
1651 435 1669 458 ι

311 489 508 542 Fortasse
537 477 652 530 dicat
685 484 834 542 aliquis
859 501 869 528 :
906 475 1122 536 Gloriatur
1158 486 1211 528 dc
1238 501 1284 529 se
1311 486 1535 545 Propheta.
1554 486 1680 531 -Etsi

313 561 543 621 gloriatur,
579 557 782 618 gloriatur
811 557 854 600 in
882 555 1200 600 infirmitatibus
1235 557 1343 607 suis,
1380 557 1424 600 in
1454 558 1682 616 quibus‘et

315 633 543 692 Apostolus
563 630 791 689 gloriatur,
816 628 987 672 dicens:
1013 627 1279 678 «Gloriabor
1299 627 1342 670 in
1363 627 1682 673 infirmitatibus

315 723 332 746 n
345 704 450 747 meis
462 702 494 746 ².
517 721 533 743 n
546 701 663 745 Alius
684 701 726 744 in
743 699 911 750 divitiis,
936 699 1041 743 alius
1059 699 1101 742 in
1120 698 1251 742 titulis
1272 699 1504 744 nobilitatis
1521 714 1568 744 ac
1586 708 1685 759 pross·

315 775 441 834 sapiae
461 789 562 824 suae,
585 773 689 816 alius
711 772 753 815 in
772 769 1208 816 administrationibus
1223 778 1267 813 et
1282 770 1518 814 honoribus
1536 770 1685 830 gloria-

315 855 386 891 tur
413 861 424 889 z
462 846 600 904 justus
635 844 678 887 in
711 842 952 886 humilitate
984 841 1215 900 gloriatui-3
1240 841 1352 885 bona
1383 842 1498 886 enim
1528 842 1683 901 gloria,

318 917 487 960 Christo
509 930 599 958 esse
630 914 887 972 subjectum.
916 913 970 955 Ut
991 912 1098 956 scias
1122 920 1265 955 autem
1293 912 1401 969 quia
1419 911 1687 970 jactare-nou

317 1004 361 1032 se
383 987 542 1046 cupiat,
567 988 642 1030 sed
657 984 827 1029 Domini
852 983 895 1026 in
918 999 961 1026 se
982 983 1160 1042 gratiam
1182 997 1431 1041 provocare,
1451 983 1551 1027 alibi
1571 983 1684 1027 idem

315 1059 527 1118 Propheta
565 1058 621 1101 ait
650 1073 660 1100 ε
685 1074 701 1097 α
737 1056 843 1100 Vide
880 1055 1166 1100 humilitatem
1201 1063 1380 1105 meam,v
1414 1063 1458 1099 et
1496 1055 1687 1100 laborem

317 1144 505 1173 »meum
532 1129 672 1187 »Ergo
698 1127 815 1185 quasi
838 1127 872 1170 is
898 1126 971 1184 qui
991 1125 1278 1170 humiliaverit
1298 1140 1373 1169 cor
1398 1141 1548 1176 suum,
1567 1125 1687 1184 quasi

316 1199 351 1243 is
373 1200 445 1258 qui
468 1199 700 1258 plurimum
721 1197 992 1247 laboraverit,
1018 1197 1077 1240 ibi
1100 1197 1178 1240 sibi
1201 1196 1357 1241 dimitti
1378 1205 1555 1256 peccata
1577 1197 1690 1241 desi-

323 1270 457 1321 derat,
479 1270 548 1313 hic
567 1269 659 1313 erui
678 1285 721 1312 se
744 1277 956 1328 precatur.
1676 1307 1679 1310 Α

380 1341 490 1386 VIII.
528 1341 751 1385 Constitue
772 1341 956 1398 aliquem
974 1341 1239 1384 sacerdotem
1257 1354 1334 1399 pro
1352 1339 1535 1383 ministri
1556 1340 1691 1384 salute

320 1412 565 1461 sollicitum,
586 1427 713 1470 quem
736 1412 963 1470 probatum
982 1413 1170 1454 advertat
1181 1411 1271 1455 Deo
1292 1427 1302 1454 ε
1324 1411 1507 1469 aliquem
1525 1419 1691 1464 patrem

319 1497 397 1542 pro
420 1482 507 1526 filio
529 1482 571 1525 in
587 1481 835 1540 aegritudine
854 1481 1086 1524 constituto
1102 1481 1216 1539 gravi
1235 1497 1245 1525 :
1272 1481 1457 1540 aliquam
1471 1481 1692 1544 soeminam

320 1555 387 1597 vel
413 1569 490 1612 pro
517 1552 604 1596 filio
619 1586 630 1603 ,
653 1554 720 1596 vel
740 1567 816 1611 pro
842 1553 931 1595 viro
954 1561 1149 1596 moestam
1164 1585 1176 1602 ,
1196 1553 1460 1597 orationibus
1482 1552 1693 1596 incuban-

323 1634 432 1676 tem,
454 1624 704 1668 sundentem
724 1625 877 1668 uberes
897 1625 1108 1682 lacrymas
1129 1623 1327 1667 noctibus
1348 1639 1396 1668 ac
1425 1624 1598 1675 diebus,
1617 1624 1694 1668 hu-

325 1695 561 1739 miliantem
585 1711 628 1738 se
654 1711 703 1738 ac
725 1703 985 1738 sternentem
1005 1696 1112 1744 solo,
1137 1695 1490 1753 multiplicantem
1512 1695 1690 1753 jejunia,

325 1775 368 1810 et
388 1768 504 1825 quod
520 1767 584 1810 his
600 1767 766 1825 gravius
788 1775 867 1816 est,
893 1767 1047 1809 mentis
1069 1775 1195 1824 atque
1213 1766 1341 1810 animi
1358 1768 1507 1811 dolore
1527 1766 1694 1810 consec-

325 1846 412 1882 tam
434 1870 445 1887 ,
484 1837 625 1880 morbi
659 1852 708 1879 ac
748 1836 925 1895 periculi
959 1837 1159 1880 dilatione
1194 1846 1433 1896 torpentem
1466 1837 1614 1881 dicere
1641 1838 1695 1880 ad

327 1907 557 1952 Dominum
578 1923 587 1949 :
606 1925 622 1947 (ι
638 1906 746 1951 Vide
772 1907 1056 1951 humilitatem
1072 1923 1227 1959 meam,
1257 1916 1300 1951 et
1318 1924 1421 1952 erue
1441 1923 1525 1952 me.
1546 1926 1564 1949 ι

386 1977 461 2021 ΙΧ.
502 1977 732 2021 Considera
759 1978 886 2021 ctiam
905 1978 1001 2036 quia
1026 1978 1203 2037 spiritali
1226 1980 1412 2037 quodam
1434 1979 1529 2022 oleo
1551 1979 1696 2022 coeles-

325 2046 433 2101 tium
450 2056 758 2107 praeccptorum
776 2049 897 2107 ungit
912 2064 988 2092 nos
1010 2058 1137 2106 atque
1155 2057 1326 2092 exercet
1345 2049 1535 2108 quotidie
1555 2048 1696 2108 Scrip-

329 2127 423 2162 tura
452 2119 592 2162 divina
614 2152 626 2169 ,
664 2127 706 2162 et
734 2119 942 2162 Dominus
977 2129 1121 2163 noster
1160 2121 1363 2179 plurimos
1390 2122 1443 2164 ad
1476 2121 1696 2164 subeunda

330 2190 563 2233 certamina
584 2191 765 2249 gestiens
783 2206 1033 2249 provocare,
1053 2191 1216 2235 diversa
1232 2193 1374 2252 posuit
1390 2192 1561 2251 praemia
1580 2207 1700 2236 coro-

330 2276 496 2305 narum.
529 2262 785 2312 Considera,
813 2263 1007 2320 inquam,
1044 2262 1200 2306 Christi
1230 2264 1433 2307 athletam
1465 2263 1698 2322 innumeris

333 2331 680 2375 contentionibus
701 2332 940 2390 fatigatum,
965 2347 1013 2375 ac
1029 2342 1162 2391 prope
1177 2333 1264 2391 jam
1281 2333 1442 2377 lassatis
1461 2329 1620 2376 viribus
1636 2348 1696 2376 re·

331 2402 547 2446 sistentem
564 2435 575 2452 ,
602 2402 776 2460 periculi
800 2405 913 2446 mole
934 2404 1151 2446 turbatum
1171 2421 1183 2453 ;
1211 2419 1310 2447 cum
1340 2404 1481 2447 videat
1508 2403 1588 2446 sibi
1613 2418 1699 2446 non

332 2476 469 2517 solum
488 2475 686 2517 adversus
709 2489 880 2517 carnem
904 2482 947 2517 et
967 2474 1230 2532 sanguinem,
1255 2476 1329 2518 sed
1350 2475 1479 2519 etiam
1502 2476 1700 2519 adversus

332 2544 536 2603 spiritales
549 2544 773 2602 nequitias,
793 2560 886 2602 quae
902 2553 1001 2588 sunt
1018 2545 1060 2587 in
1077 2546 1336 2597 coelestibus,
1354 2560 1445 2590 esse
1459 2547 1679 2591 luctamen
1686 2576 1698 2596 .

381 2644 391 2660 ¹
412 2637 495 2671 Psal.
510 2647 609 2669 cxvm
624 2661 633 2677 ,
656 2638 728 2671 153.
749 2653 788 2663 -—-
808 2646 822 2676 9
843 2648 860 2671 2
885 2637 959 2671 Cor.
977 2646 1037 2677 κη,
1058 2638 1088 2669 5.
