1800 3236
395 261 477 305 288
943 275 975 303 s.
1016 273 1206 303 Amnnosn

387 354 547 398 meritis
569 353 654 397 suis
674 352 874 396 eminent.
900 353 971 396 Isti
994 362 1092 396 sunt
1114 354 1166 395 de
1186 352 1339 411 quibus
1356 352 1514 400 dicitur
1533 368 1543 395 :
1562 370 1578 391 α
1594 352 1657 396 De
1672 352 1756 413 hoc

378 444 404 467 ·»
418 426 578 468 mundo
596 440 680 468 non
700 433 814 474 sunt,
833 424 944 467 sicut
960 433 1001 467 et
1018 440 1096 481 ego
1115 439 1200 466 non
1218 439 1311 467 sum
1329 424 1381 467 de
1396 423 1480 467 hoc
1496 421 1681 466 mundo¹
1697 438 1710 473 3
1730 441 1747 464 n

388 495 485 554 quia
518 511 643 554 supra
665 496 874 538 mundum
907 503 1004 538 sunt
1025 494 1097 552 qui
1121 493 1337 536 Christum
1359 500 1608 552 sequuntur.
1641 492 1759 536 Con-

383 567 503 612 vallis
537 577 679 610 autem
711 567 896 609 mundus
925 575 1018 608 est:
1055 565 1234 622 ideoque
1269 565 1474 623 disposuit
1501 565 1544 607 in
1567 564 1759 608 convalle

387 637 537 687 ssetus;
561 653 611 680 eo
633 638 748 695 quod
767 631 809 679 in
831 637 914 680 hoc
935 637 1096 679 mundo
1115 634 1244 679 ssetus
1265 635 1348 679 sint
1369 637 1669 694 lacrymaeque.
1705 635 1759 679 Et

385 709 612 769 providens
628 708 836 752 Dominus
859 707 1064 766 disposuit
1086 707 1129 749 in
1154 707 1235 750 hoc
1257 709 1417 750 mundo
1440 708 1760 753 Testamentum

386 795 511 823 suum
525 813 536 830 ‚
559 787 607 823 ut
629 778 759 837 magis
780 778 850 821 hic
870 776 1047 820 fleamus
1069 786 1243 836 peecata
1265 786 1407 821 nostra
1422 811 1434 829 ,
1465 793 1593 838 quam
1616 777 1759 822 flenda

388 865 618 894 servemus.
957 843 960 847 ’

450 920 519 964 IV.
555 921 717 965 Pascua
747 928 890 963 nostra
921 918 1049 962 etiam
1072 918 1139 962 isti
1163 919 1359 963 versiculi
1387 928 1505 970 sunt,
1533 920 1759 979 dequibus

387 990 516 1034 hodie
548 990 772 1034 tractaturi
811 1004 956 1032 sumus
975 1023 984 1039 ‚
1015 988 1057 1031 in
1082 989 1236 1047 quibus
1260 990 1395 1034 David
1415 991 1519 1034 dicit
1546 1007 1590 1032 :o
1612 990 1760 1034 Pasce-

386 1063 514 1105 »bam
538 1077 635 1105 oves
658 1061 788 1120 patris
809 1061 895 1104 mei
911 1062 925 1082 ²
946 1095 956 1111 ,
978 1079 994 1101 n
1010 1063 1235 1104 ostendens
1254 1076 1398 1105 veram
1419 1063 1662 1112 lucernam,
1688 1063 1760 1104 do-

389 1147 487 1176 cens
519 1133 821 1177 humilitatem.
855 1133 903 1178 In
932 1133 1101 1191 pascuis
1123 1132 1277 1175 talibus
1298 1148 1422 1175 verus
1441 1132 1601 1182 David,
1634 1146 1759 1176 verus

387 1204 579 1252 humilis,
604 1212 646 1247 et
677 1219 806 1246 manu
835 1204 980 1252 sortis,
1008 1204 1187 1261 quinon
1225 1203 1416 1262 rapinam
1440 1203 1665 1247 arbitratus
1696 1211 1760 1247 est

386 1290 479 1318 esse
496 1290 539 1317 se
552 1275 758 1332 aequalem
773 1275 864 1317 Deo
881 1307 891 1324 ,
914 1276 987 1317 sed
1005 1275 1278 1333 semetipsum
1296 1274 1540 1326 exinanivit,
1558 1284 1609 1319 et
1628 1275 1758 1319 homo

384 1354 508 1389 natus
530 1361 606 1404 per
626 1345 807 1403 Virginis
826 1353 994 1403 partum
1008 1345 1244 1388 humiliavit
1262 1362 1305 1388 se
1326 1361 1462 1404 usque
1482 1347 1535 1389 ad
1551 1354 1755 1397 mortem,

386 1433 484 1461 oves
506 1417 639 1460 Patris
662 1417 724 1459 sui
754 1415 891 1460 divina
923 1417 1224 1475 praedicatione
1242 1418 1443 1476 pascebat
1466 1417 1506 1468 ·’';
1530 1437 1546 1459 n
1562 1433 1661 1461 cum
1684 1433 1755 1462 se-

388 1489 580 1532 cundum
605 1487 846 1546 Scripturas
867 1503 991 1530 suum
1007 1489 1206 1546 probaret
1229 1490 1454 1533 adventum
1470 1523 1480 1540 ‚
1509 1505 1607 1533 cum
1629 1489 1755 1548 quiu-

386 1574 470 1618 que
493 1554 673 1619 panibus
701 1567 745 1602 et
780 1558 946 1602 duobus
976 1558 1163 1617 piscibus
1196 1559 1418 1603 hominum
1455 1559 1586 1603 millia
1620 1560 1755 1604 multa

372 1639 595 1674 ‘saturaret
612 1629 642 1674 ⁴.
1371 1688 1373 1691 ι
1676 1635 1678 1637 ’

443 1703 493 1748 V.
530 1702 631 1746 Haec
652 1716 753 1760 ergo
779 1709 921 1744 nostra
945 1710 1042 1744 sunt
1068 1717 1223 1760 pascua
1238 1735 1250 1751 ‚
1278 1702 1370 1746 haec
1391 1717 1541 1746 eorum
1563 1701 1634 1762 qui
1654 1706 1755 1762 po‘s-

385 1782 484 1818 sunt
516 1773 657 1817 dicere
691 1787 700 1815 :
728 1790 743 1812 α
765 1772 905 1825 Quam
937 1773 1077 1815 dulcia
1099 1772 1292 1816 saucibus
1316 1773 1420 1816 meis
1442 1773 1572 1817 verba
1594 1777 1664 1816 tua
1681 1772 1742 1815 ¹1⁰»

383 1845 482 1890 Haec
503 1859 652 1888 eorum
674 1859 829 1903 pascua
862 1843 934 1900 qui
966 1843 1113 1886 dicunt
1139 1857 1181 1885 z«
1202 1843 1395 1886 Lucerna
1433 1844 1612 1902 pedibus
1647 1843 1753 1888 meis

378 1916 589 1959 »verbum
616 1924 735 1958 tuum
753 1947 763 1964 ,
804 1913 987 1956 Domine
1010 1913 1041 1956 ⁵..
1077 1913 1297 1956 »Pascitur
1327 1914 1440 1957 enim
1474 1929 1520 1957 os
1556 1922 1750 1958 nostrum

382 1987 535 2036 verbo,
555 2001 653 2029 cum
676 1985 891 2043 loquimur
905 1985 1102 2027 mandata
1123 1983 1201 2026 Dei
1214 1983 1354 2027 Verbi.
1377 1985 1567 2028 Pascitur
1583 1994 1626 2029 et
1645 2000 1753 2029 ocu-

380 2058 446 2102 lus
469 2065 611 2100 noster
631 2056 806 2100 interior
827 2057 1016 2098 lucernae
1033 2054 1228 2112 spiritalis
1250 2052 1554 2114 lumine,'quoe
1575 2055 1751 2100 nobisin

385 2129 465 2173 hac
475 2130 623 2172 mundi
641 2137 766 2171 nocte
780 2128 982 2187 praelucet
997 2142 1074 2176 ;ne
1086 2126 1195 2170 sicut
1212 2127 1253 2169 in
1266 2127 1452 2170 tenebris
1466 2128 1747 2185 ambulantes,

386 2201 556 2244 incertis
584 2200 817 2244 titubemus
852 2197 1060 2257 vestigiiS,
1085 2207 1126 2241 et
1152 2198 1262 2242 viam
1290 2214 1432 2243 veram
1462 2200 1651 2243 invenire
1671 2215 1749 2243 ne-

382 2285 598 2329 queamus.
622 2270 899 2329 Intelligibilis
926 2269 1053 2327 igitur
1072 2270 1226 2326 pedum
1255 2284 1422 2327 gressus
1438 2303 1449 2320 ‚
1476 2269 1747 2329 intelligibilis

381 2351 425 2386 et
446 2344 619 2386 lucerna
639 2358 651 2392 ;
683 2341 780 2399 quia
810 2340 998 2385 Verbum
1027 2339 1106 2382 Dei
1128 2341 1301 2382 lucerna
1329 2349 1405 2383 est.
1433 2340 1582 2384 Nonne
1598 2340 1681 2385 hoc
1704 2340 1748 2384 in

384 2401 594 2473 principio
615 2412 902 2456 eratVerbum
916 2412 1028 2469 apud
1043 2411 1203 2454 Deum:
1224 2413 1438 2469 quomodo
1460 2428 1559 2471 ergo
1571 2413 1747 2455 lucerna

379 2485 471 2529 est?
485 2485 635 2528 Nonne
651 2484 733 2528 hoc
750 2491 841 2526 erat
861 2498 1007 2526 verum
1025 2483 1184 2532 lumen,
1212 2485 1327 2540 quod
1347 2483 1556 2527 illuminat
1574 2498 1746 2529 omnem

426 2599 435 2615 ¹
456 2590 553 2623 Joan.
577 2600 656 2624 xvn.
679 2588 727 2622 15.
749 2605 789 2612 ——
807 2599 820 2613 ⁸
841 2597 852 2619 ι
871 2586 949 2631 neg.
968 2598 1050 2627 xvn,
1068 2586 1120 2626 54.
1138 2606 1178 2613 -
1197 2587 1211 2612 ³
1227 2586 1306 2621 Luc.
1324 2599 1369 2629 iv,
1389 2599 1442 2623 αι.
1458 2606 1486 2613 -
1503 2590 1516 2616 ⁴
1532 2586 1628 2622 Joan.
1651 2599 1696 2630 vi,
1709 2598 1743 2631 9,

380 2650 414 2680 et
427 2656 518 2690 seqq.
533 2663 575 2671 --
592 2647 604 2670 ⁵
620 2645 702 2680 Psal.
719 2654 835 2683 cxvm,
856 2644 926 2676 105.
