1800 3236
339 324 424 375 280
571 363 575 367 .
701 368 703 370 ,
891 335 921 365 S.
962 336 1154 365 Animosa

342 428 427 463 tem
452 451 463 468 ,
494 417 772 460 verumetiam
810 416 976 474 peccati
1006 417 1148 475 sugam
1167 449 1178 466 ,
1219 417 1437 474 culpaeque
1479 414 1700 458 cautelam.

342 492 492 548 Itaque
511 504 610 532 cum
630 488 830 545 fragilitas
851 487 1035 532 humana
1058 502 1190 545 prona
1208 487 1277 535 sit,
1297 494 1344 529 ut
1361 489 1412 529 ad
1435 486 1573 529 imum
1587 482 1711 528 affec*-

344 561 481 611 tibus,
506 566 768 611 ext-currente
785 557 958 615 vestigio
977 557 1136 600 seratur
1162 558 1204 599 in
1226 557 1395 607 vitium,
1418 559 1542 600 docet
1562 571 1713 615 quem-

345 632 575 687 admodum
599 630 673 671 vim
698 629 814 671 istius
841 629 1056 671 lubricum
1081 638 1124 672 et
1157 629 1320 671 itineris
1343 628 1472 686 hujus
1501 627 1715 671 anfractus

349 701 535 745 viantem
569 699 786 757 implicare
812 714 897 741 non
924 699 1067 756 possit.
1103 716 1119 738 «
1143 697 1370 748 Prohibui,
1404 698 1542 756 inquit
1555 708 1569 747 ,·’
1588 699 1718 757 pedes

349 790 365 812 ι
381 786 496 827 meos
515 786 536 813 a
560 770 742 828 maligna
760 769 823 812 via
839 802 849 819 ‚
871 788 887 811 »
909 769 990 812 hoc
1009 777 1100 818 est,
1128 769 1178 811 ab
1201 769 1320 811 istius
1347 769 1489 812 saeculi
1513 768 1717 816 vanitate3

352 842 450 901 quia
482 842 683 902 saeculum
711 840 961 898 inmaligno
987 840 1173 897 positum
1195 847 1272 882 est.
1300 839 1488 882 Dubium
1514 833 1723 896 quidquid

354 922 432 964 est,
453 922 495 956 et
514 911 707 970 ancipitis
729 911 921 961 effectus,
942 911 1023 953 hoc
1046 900 1280 968 malignum
1303 918 1392 960 est3
1415 917 1464 952 ut
1483 908 1557 953 lu'x
1577 907 1723 956 dubia,

357 985 540 1040 maligna
565 982 720 1026 dicitur
740 997 750 1025 t
776 982 832 1024 ita
854 981 1085 1040 malignum
1106 989 1170 1024 est
1193 981 1399 1039 quidquid
1423 980 1629 1024 admiscet
1641 992 1729 1021 ma-

357 1056 458 1100 litiae
478 1055 674 1098 tenebras
690 1053 866 1097 veritati.
890 1053 1057 1096 Revoca
1073 1067 1173 1110 ergo
1188 1052 1241 1095 ab
1260 1052 1378 1094 istius
1394 1049 1542 1094 mundi
1562 1048 1729 1092 lubrico

361 1127 493 1186 pedes
516 1125 645 1169 animi
668 1124 756 1173 tui,
788 1132 831 1167 et
858 1122 1012 1167 mentis
1040 1123 1266 1165 incessum.
1291 1121 1498 1171 Prohibe,
1531 1119 1730 1177 inquam.

363 1198 511 1241 resiste
528 1184 848 1254 cupiditatibus,
868 1195 1025 1238 obsiste
1042 1191 1228 1236 motibus
1245 1193 1318 1250 qui
1337 1193 1536 1236 videntur
1552 1191 1737 1243 ἰιϊιιθιᾞἰ

366 1270 476 1313 sicut
501 1268 646 1311 bestiae
670 1276 795 1324 atque
815 1267 1008 1324 jumenta
1028 1282 1041 1315 3
1069 1273 1117 1308 ut
1143 1273 1311 1308 teneros
1333 1264 1497 1308 fructus
1514 1297 1526 1314 ,
1556 1272 1600 1307 et
1628 1275 1738 1306 nova

370 1340 481 1386 ruris
501 1339 629 1398 hujus
651 1338 784 1381 nostri
801 1339 915 1380 culta
941 1338 1184 1394 depascant.
1656 1359 1666 1369 x

378 1463 379 1467 Ἰ
430 1409 565 1455 XVII.
607 1427 623 1449 a
651 1408 883 1457 Prohibui,
916 1408 1078 1464 inquit,
1107 1408 1236 1465 pedes
1263 1421 1398 1450 meos.
1426 1424 1443 1447 υ
1469 1405 1563 1450 Non
1594 1404 1741 1462 utiquo

374 1481 563 1539 corporis
585 1481 713 1537 pedes
731 1479 974 1537 prohibent,
993 1476 1066 1534 qui
1082 1477 1235 1520 mentis
1258 1477 1336 1534 piae
1354 1477 1605 1534 plerumque
1626 1475 1745 1518 obse-

376 1561 567 1610 quuntur
589 1549 776 1594 arbitrio.
799 1550 946 1606 Neque
967 1548 1081 1591 enim
1101 1547 1357 1607 prohibendi
1380 1547 1502 1596 sunu
1527 1562 1626 1589 cum
1646 1558 1748 1605 pro-

378 1625 512 1668 deunt
537 1624 591 1666 ad
612 1622 690 1665 Dei
713 1623 946 1679 templum,
970 1620 1107 1664 viduae
1128 1635 1254 1678 opem
1282 1619 1393 1662 serre
1415 1619 1636 1669 festinant,
1667 1618 1750 1660 im-

379 1695 500 1754 pium
517 1693 768 1752 praevenire‚
787 1693 1060 1750 supplantare
1079 1691 1262 1748 aliquem
1280 1685 1611 1733 fraudulentum.
1623 1684 1751 1739 Alius

383 1767 511 1825 igitur
531 1774 595 1808 est
615 1780 689 1822 pes
706 1764 778 1821 qui
800 1763 894 1821 jure
918 1762 1182 1820 prohibetur.
1212 1761 1320 1814 Quis
1342 1760 1411 1804 ill'e
1436 1761 1515 1811 sit,
1539 1756 1754 1819 ipse'Pross-

385 1839 513 1897 pheta
523 1852 599 1879 nos
613 1837 784 1878 doceat:
799 1852 815 1873 «
829 1834 921 1878 Non
936 1833 1089 1881 veniat,
1105 1833 1257 1889 inquit,
1267 1833 1372 1874 mihi
1385 1847 1458 1890 pes
1468 1828 1676 1890 superb'iae
1686 1831 1744 1875 ’.π

386 1909 463 1952 Est
491 1908 619 1951 ctiam
650 1922 723 1965 pes
752 1904 1007 1962 iniquitatis,
1040 1905 1113 1962 qui
1141 1905 1225 1947 cito
1249 1904 1430 1954 labitur,
1461 1913 1504 1947 et
1536 1912 1646 1947 stare
1670 1918 1757 1947 non

390 1986 550 2039 potest,
573 1978 684 2020 sicut
704 1992 777 2035 pes
795 1974 1058 2034 perfidorum
1082 1982 1170 2024 est,
1197 1975 1249 2017 de
1266 1974 1419 2032 quibus
1436 1975 1755 2033 scriptumest:

402 2069 419 2092 α
434 2051 499 2094 Ibi
522 2050 770 2093 ceciderunt
788 2063 935 2091 omnes
953 2047 1024 2105 qui
1046 2056 1276 2106 operantur
1298 2046 1579 2104 iniquitatem,
1599 2045 1761 2105 expulsi

393 2141 412 2165 ω
426 2129 539 2181 sunt,
558 2135 637 2163 nec
657 2128 891 2179 potuerunt
910 2117 1064 2161 stare2.
1086 2117 1298 2161 »Prohibe
1313 2133 1414 2176 ergo
1435 2119 1563 2176 pedes
1583 2113 1764 2167 tuos,'·ne

396 2194 546 2242 cadas3
570 2199 668 2234 sunt
687 2191 800 2234 enim
818 2206 904 2233 non
927 2191 1063 2232 solum
1081 2189 1326 2239 criminum,
1351 2190 1425 2232 sed
1442 2185 1568 2232 etiam
1589 2183 1765 2233 infirmi*-

398 2263 497 2307 tatis
517 2263 659 2321 pedes.
684 2262 739 2304 Et
761 2261 991 2304 videndum
1012 2275 1067 2302 ne
1092 2261 1229 2302 cadas.
1262 2260 1316 2303 Et
1341 2260 1521 2303 videaris
1543 2259 1619 2303 tibi
1635 2250 1767 2302 sorsi-

397 2342 470 2378 tan
486 2333 596 2375 bene
615 2341 725 2375 stare
744 2347 753 2374 :
781 2333 855 2374 sed
873 2331 975 2374 dicit
997 2330 1071 2373 tibi
1091 2330 1268 2373 Paulus:
1287 2348 1303 2370 α
1319 2330 1372 2373 Et
1394 2339 1440 2373 tu
1461 2331 1533 2388 qui
1555 2327 1654 2379 stas,
1672 2330 1767 2372 vide

397 2420 483 2448 »ne
508 2403 633 2446 cadas
649 2402 679 2445 ³.
710 2421 726 2442 »
745 2402 977 2460 Diligenter
1003 2402 1174 2444 attonde
1202 2401 1311 2444 viam
1344 2409 1481 2451 tuam,
1511 2409 1560 2444 ut
1589 2401 1732 2443 audias
1753 2421 1763 2446 ε

410 2492 427 2514 α
447 2474 512 2517 Tu
534 2481 675 2515 autem
697 2472 767 2515 hic
786 2481 848 2515 sta
869 2487 1038 2514 mecum
1057 2471 1087 2514 ¹⁸.
1117 2490 1133 2511 ι)
1147 2471 1271 2524 Stans
1291 2472 1405 2514 enim
1428 2487 1526 2515 cum
1547 2472 1653 2521 Deo,
1676 2473 1770 2530 lap-

401 2560 495 2587 sum
523 2543 674 2586 timere
705 2551 790 2586 no‘ti
823 2543 994 2600 poteris.
1023 2541 1146 2584 Stans
1168 2557 1266 2584 cum
1299 2542 1387 2586 Deo
1414 2542 1571 2600 poteris
1598 2543 1770 2586 dicere:

413 2631 429 2653 α
443 2613 616 2656 Eruit...
639 2614 768 2670 pedes
788 2627 906 2656 meos
929 2628 951 2656 a
968 2614 1089 2671 lapsu
1108 2629 1118 2655 z
1143 2630 1158 2653 ι)
1174 2613 1246 2656 sed
1264 2613 1320 2656 ita
1342 2613 1454 2656 eruit
1471 2612 1679 2657 Dominus
1689 2627 1764 2672 pe-

452 2716 461 2732 ¹
482 2706 566 2745 Psal.
584 2717 681 2747 xxxv,
705 2717 756 2743 12.
773 2725 815 2743 -ς
830 2715 844 2735 ⁸
862 2706 951 2746 Ibid.
978 2708 1030 2748 ιβ.
1044 2725 1086 2742 -,-
1100 2708 1115 2734 ³
1130 2717 1142 2741 ι
1160 2707 1235 2744 Cor.
1256 2718 1290 2749 x,
1310 2718 1362 2742 η.
1376 2725 1419 2738 ψ-
1435 2708 1559 2746 ⁴Deut.
1574 2708 1676 2749 ηδι,
