1800 3236
333 335 336 343 s
383 348 441 401 48
941 358 974 387 s.
1012 357 1206 388 Animosa

387 439 540 500 gratia;
567 452 654 482 non
672 436 778 480 facie
797 437 848 480 ad
868 435 1044 487 faciem,
1070 438 1145 480 sed
1164 451 1241 495 per
1258 437 1479 495 speculum
1490 437 1672 483 videbat.
1694 438 1749 483 Et

376 511 512 572 David
531 508 706 553 revelari
729 510 874 552 oculos
891 522 989 551 suos
1009 509 1135 567 petit;
1164 517 1211 551 ut
1235 518 1527 554 removeretur
1547 510 1745 563 umbra¹‚

379 599 472 642 quae
494 581 706 639 integrum
731 581 953 623 oculorum
975 579 1237 638 impediebat
1272 579 1483 625 obtutum.
1515 581 1748 641 Regionem

379 664 521 700 autem
543 653 653 696 hanc
680 659 948 695 mortuorum
973 667 1063 694 esse
1088 651 1181 709 quis
1213 650 1402 702 dubitem
1440 650 1539 696 cum
1561 652 1745 696 Sanctus

377 727 466 786 ipse
484 726 596 768 dicat
613 740 622 767 :
639 741 655 763 «
675 723 857 767 Placebo
878 722 1061 767 Domino
1083 723 1126 765 in
1151 722 1322 781 regione
1337 722 1555 767 vivorum²
1574 723 1616 767 Ρ»
1631 722 1743 777 Quia

376 797 564 857 perfecte
581 795 650 839 hic
672 796 840 854 placere
852 809 977 838 nemo
998 801 1163 874 potest,
1182 793 1255 835 ubi
1271 793 1399 837 etiam
1415 793 1450 837 si
1470 793 1563 838 fieri
1579 793 1739 854 possit,

375 877 424 913 ut
445 883 516 911 sua
528 875 703 927 peccata
719 882 806 909 non
825 866 1002 916 habeat;
1024 865 1066 908 in
1090 865 1180 924 ipsa
1199 873 1343 908 tamen
1375 873 1648 909 mortuorum
1670 880 1744 909 re·-

374 940 498 1000 gione
519 939 719 989 vivendo,
743 937 1040 997 pulificationc
1062 937 1244 996 indiget,
1261 951 1361 996 quae
1382 953 1403 981 a
1424 937 1620 1013 contagio
1641 948 1740 1004 eum

372 1009 553 1068 regionis
579 1009 707 1068 hujus
729 1010 933 1053 absolvat.

389 1080 545 1124 ΧΙΧ.
573 1080 621 1122 In
642 1080 792 1122 umbra
813 1079 940 1139 igitur
969 1080 1040 1123 hic
1068 1079 1272 1129 vivimus,
1305 1088 1348 1123 et
1379 1079 1477 1123 ideo
1513 1079 1555 1123 in
1583 1079 1739 1124 umbra

369 1156 631 1201 custodimus
668 1157 796 1200 verba
831 1157 921 1200 Dei.
955 1156 1007 1200 Et
1043 1165 1092 1199 ut
1126 1158 1324 1215 exemplo
1351 1163 1524 1199 utamur
1542 1190 1555 1208 ,
1586 1157 1738 1216 utique

364 1237 459 1272 ante
477 1236 597 1271 erant
618 1228 696 1270 sub
717 1227 869 1270 umbra
894 1227 1038 1286 Legis,
1067 1229 1237 1286 quando
1261 1228 1563 1272 custodiebant
1586 1228 1734 1272 homi·

367 1316 442 1344 nes
461 1298 659 1349 s‘abbata,
690 1314 782 1357 quae
805 1307 903 1342 sunt
927 1299 1370 1350 umbra‘suturorum,
1389 1299 1499 1343 sicut
1523 1299 1736 1358 hodieque

363 1370 389 1414 J
394 1370 523 1420 udaei,
547 1370 619 1428 qui
640 1385 788 1413 verum
806 1371 1030 1413 sabbatum
1048 1385 1132 1412 non
1155 1370 1322 1421 vident,
1350 1370 1424 1429 qui
1446 1371 1676 1430 exemplari
1692 1378 1736 1415 e't

360 1442 522 1484 umbrae
539 1440 740 1484 serviunt.
770 1440 854 1484 Nos
875 1456 1045 1499 quoque
1058 1443 1296 1484 secundum
1319 1441 1732 1500 Evangelium'nunc

361 1512 548 1556 viventes
561 1544 572 1562 ‚
588 1512 784 1554 umbram
802 1513 1022 1569 sequimur
1038 1513 1267 1556 verborum
1284 1513 1375 1556 Dei.
1399 1513 1635 1558 Nathanael
1650 1513 1730 1557 sub

362 1584 512 1626 arbore
532 1582 602 1625 fici
624 1581 833 1632 videtur³‚
855 1583 990 1626 David
1011 1583 1055 1626 in
1076 1584 1228 1627 umbra
1253 1575 1414 1627 alarum
1434 1584 1607 1628 Domini
1626 1582 1732 1643 Jesu

362 1670 530 1713 sperare
561 1669 605 1697 se
627 1653 776 1703 dicit-¹⁸,
810 1653 1041 1696 Zacchaeus
1062 1654 1102 1696 in
1129 1654 1326 1696 arborem
1349 1655 1564 1713 sycomori
1586 1669 1730 1698 ascen-

357 1725 444 1775 dit,
470 1733 517 1767 ut
541 1723 760 1767 Christum
782 1724 985 1768 videret⁵.
1001 1725 1138 1768 ⁴Nobis
1161 1740 1330 1783 quoque
1352 1725 1551 1784 expandit
1573 1741 1724 1771 manus

357 1802 452 1839 suas
461 1795 607 1845 Jesus,
628 1803 676 1838 ut
691 1803 828 1838 totum
849 1796 1057 1838 mundum
1077 1796 1366 1840 obumbraret.
1391 1796 1620 1850 Quomodo
1637 1812 1726 1857 nou

355 1881 499 1909 sumus
521 1866 564 1909 in
586 1866 739 1909 umbra
757 1898 769 1916 ‚
794 1866 866 1924 qui
889 1866 1028 1910 crucis
1055 1866 1146 1925 ejus
1167 1868 1433 1926 protegimur
1453 1869 1725 1914 velamento?

352 1938 580 1990 Quomodo
607 1952 692 1980 non
716 1952 862 1980 sumus
883 1938 925 1980 in
947 1939 1101 1981 umbra
1116 1971 1129 1988 ,
1154 1954 1258 1997 quos
1278 1938 1508 1984 crucifixus
1531 1956 1552 2003 a
1570 1940 1724 2000 malig-

349 2010 480 2053 nitate
503 2008 665 2058 saeculi,
697 2016 739 2051 et
761 2009 950 2068 corporis
983 2011 1133 2053 ardore
1157 2010 1383 2055 defendit?
1407 2010 1474 2055 An
1506 2012 1720 2057 nescimus

347 2079 547 2138 quoniam
568 2079 753 2123 Verbum
768 2078 847 2121 Dei
857 2079 1028 2122 veniens
1050 2079 1093 2122 in
1112 2080 1227 2124 hunc
1244 2084 1455 2126 mundum
1472 2116 1483 2133 ,
1498 2098 1585 2126 non
1602 2083 1713 2128 sicut

343 2150 533 2195 Verbum
556 2149 748 2199 advenit,
770 2151 894 2207 quale
911 2149 953 2192 in
969 2150 1178 2209 principio
1207 2162 1323 2203 erat,
1349 2155 1472 2212 quale
1490 2163 1580 2198 erat
1598 2154 1713 2214 apud

343 2221 507 2266 Deum:
546 2222 620 2264 sed
650 2221 923 2280 semetipsum
949 2221 1209 2272 exinanivit,
1240 2223 1422 2268 formam
1463 2225 1572 2269 servi
1601 2225 1710 2270 acci·

341 2292 489 2351 piens?
515 2291 640 2336 Venit
662 2291 705 2334 in
726 2293 841 2336 nube
866 2291 972 2335 levi:
997 2300 1156 2335 etcum
1183 2303 1292 2337 esset
1314 2294 1447 2338 virtus
1470 2295 1675 2340 Altissimi
1689 2328 1703 2347 ‚

338 2362 608 2406 obumbravit
641 2362 780 2406 Mariae
799 2396 810 2413 ‚
839 2370 886 2405 ut
918 2361 1238 2421 transfiguraret
1274 2379 1428 2423 corpus
1453 2365 1703 2409 humilitatis

338 2443 491 2480 nostrae
523 2433 740 2478 conforme
761 2433 854 2477 fieri
877 2434 1046 2493 corpori
1077 2434 1219 2493 gloriae
1244 2450 1341 2478 suae.
1371 2434 1491 2478 Sicut
1509 2436 1580 2479 ille
1601 2452 1700 2496 ergo

334 2506 513 2550 mutavit
531 2505 734 2554 formam,
760 2520 857 2548 cum
874 2520 926 2548 ex
948 2504 1118 2563 Virgine
1139 2514 1408 2561 nasceretur:
1432 2506 1488 2551 ita
1512 2514 1555 2550 et
1574 2506 1698 2551 nobis

330 2590 544 2619 sermones
573 2575 651 2620 Dei
691 2574 977 2634 transfigurati
1014 2575 1234 2627 videntum
1275 2591 1374 2620 cum
1412 2568 1616 2636 leguntur
1652 2577 1697 2623 in

372 2686 384 2703 ¹
403 2678 488 2713 Psal.
506 2687 624 2720 cxvxn,
644 2677 693 2715 18.
707 2695 749 2706 —-
761 2686 775 2704 ¹
791 2678 845 2714 Id.
864 2689 950 2721 cxxv,
967 2690 999 2725 9.
1013 2695 1055 2707 -
1070 2679 1084 2705 ³
1103 2678 1201 2717 Joan.
1221 2689 1246 2720 ι,
1259 2679 1318 2720 48.
1339 2698 1381 2708 -
1397 2682 1410 2713 4
1424 2679 1508 2718 Psoi.
1523 2678 1692 2730 ¹¹¹›322

323 2734 340 2760 ⁶
354 2733 437 2776 Luc.
453 2744 522 2775 xix,
533 2733 570 2774 4.
1354 2728 1368 2730 “
1581 2727 1585 2731 ’
