1800 3236
395 317 450 367 58
947 331 979 364 s,
1018 322 1211 365 Amnem

389 416 444 460 Et
459 414 810 475 concupiscamus
834 413 1072 457 desiderare
1086 430 1101 454 α
1117 413 1165 456 In
1191 405 1307 456 omni
1329 397 1522 473 tempore
1537 427 1550 464 ς
1568 418 1653 457 rut
1665 409 1758 459 nul-

390 488 481 532 lum
501 491 766 530 momentum
782 486 905 528 bonae
926 493 1149 544 praetereat
1171 498 1351 527 vacuum
1375 482 1631 543 cupiditatis.

449 558 652 604 XXXIV.
701 574 718 598 α
743 558 973 617 Increpasti
1007 557 1243 615 superbos.
1273 555 1488 600 maledicti
1512 554 1583 614 qui
1621 554 1759 600 decli-‘-

392 635 528 673 »naut-
549 644 571 672 a
599 629 807 672 mandatis
837 628 962 673 tuis⁵.
999 646 1014 669 »
1048 627 1158 671 Cum
1181 627 1389 671 Dominus
1412 625 1546 671 Jesus·
1562 641 1640 687 per
1661 626 1760 671 obo-

392 701 596 745 dientiam
629 715 760 760 genus
804 699 1038 743 humanum
1084 698 1337 750 redemerit,
1379 697 1599 758 justitiam·
1627 698 1760 742 refer·
1788 735 1791 738 Α

390 771 568 815 maverit
597 787 607 814 ε
641 786 812 830 serpens
860 779 1000 815 autem
1045 786 1123 830 per
1161 770 1494 814 inobedientiam
1518 778 1757 832 *peccatum

391 842 696 893 introduxeritg
733 842 835 900 quid
861 842 951 886 vitii
983 842 1139 886 habeat
1165 841 1387 901 superbia,
1418 841 1518 886 hinc
1547 840 1758 886 {estimare

391 926 641 972 possumus,
660 913 783 971 cujus
817 921 964 957 auctor
995 913 1302 965 diabolus'est,
1329 911 1457 973 quem
1479 908 1759 959 inducit'l’ro-

392 984 522 1042 pheta
537 984 750 1027 dicentem
771 998 782 1027 ε
799 985 985 1028 «Ponam
1003 984 1208 1028 thronum
1224 998 1369 1028 meum
1391 998 1519 1044 super
1538 982 1698 1036 nubes,
1717 990 1761 1028 et

393 1068 495 1097 »ero
517 1053 663 1098 similis
689 1054 949 1099 Altissimo².
982 1073 997 1095 n
1015 1056 1164 1114 Itaque
1190 1070 1290 1099 cum
1311 1055 1369 1098 sit·
1386 1055 1693 1114 nequissimus,
1712 1060 1763 1099 ut

392 1124 600 1169 honorem
617 1140 704 1169 non
721 1126 886 1169 dederit
902 1125 1085 1170 Domino
1107 1127 1198 1170 Dco
1227 1135 1398 1177 nostro:
1425 1126 1592 1186 pejores
1619 1134 1763 1170 tamen

391 1196 630 1254 Discipulos
660 1197 854 1240 erudivit.
888 1198 963 1240 Ille
993 1198 1107 1240 enim
1138 1213 1182 1240 se
1209 1198 1268 1240 sic
1300 1197 1519 1248 exaltavit,
1558 1205 1608 1240 ut
1634 1197 1765 1247 'vellet

394 1266 550 1324 aequari
581 1275 623 1310 et
655 1267 801 1310 similis
826 1283 916 1311 esse
948 1267 1164 1311 Altissimo
1189 1283 1198 1310 :
1223 1268 1466 1326 Discipulus
1501 1275 1644 1312 autem
1671 1266 1764 1327 ejus

360 1328 364 1330 ‚
396 1337 661 1395 significatur
678 1338 728 1381 ab
741 1338 944 1398 Apostolo
957 1339 1251 1397 indignaturus
1269 1340 1474 1398 aequalem
1497 1338 1765 1396 similemque

395 1423 441 1452 se
454 1409 653 1452 aestimari
672 1409 775 1452 Deo.
799 1409 1014 1468 Scriptum
1031 1418 1094 1452 est
1110 1410 1223 1453 enim
1245 1425 1255 1453 ε
1282 1428 1297 1449 «
1315 1409 1425 1452 Cum
1449 1410 1658 1453 revelatus
1677 1408 1766 1452 fue-

395 1497 412 1517 υ
426 1479 481 1522 rit
498 1479 627 1522 homo
646 1480 876 1538 iniquitatis
890 1514 901 1531 ,
927 1488 969 1523 et
991 1479 1101 1524 filius
1123 1481 1342 1531 interitus,
1367 1480 1440 1539 qui
1463 1481 1710 1523 adversatur
1723 1485 1767 1523 et

396 1567 413 1591 x
426 1548 642 1593 extollitur
658 1566 784 1610 supra
806 1567 934 1594 omne
953 1553 1069 1610 quod
1086 1553 1241 1595 dieitur
1262 1551 1419 1596 Deus‘.
1442 1570 1458 1592 ι)
1479 1551 1676 1611 Magister
1694 1550 1767 1610 igi*-

397 1627 467 1662 tur
483 1621 665 1664 similem
683 1637 727 1664 se
744 1622 992 1680 praesumit,
1016 1623 1084 1665 hic
1105 1623 1382 1681 superiorem.
1411 1623 1600 1681 Ideoque
1621 1629 1664 1665 et
1682 1621 1768 1666 Do-

398 1691 540 1735 minus
564 1707 586 1734 a
606 1692 844 1751 Discipulos
864 1708 962 1736 suos
984 1693 1086 1735 dixit
1108 1709 1118 1735 :
1143 1712 1159 1734 α
1177 1694 1335 1751 Majora
1357 1694 1423 1737 his
1443 1692 1660 1743 facietis⁴3
1681 1709 1697 1733 ι
1717 1699 1769 1735 ut

396 1762 550 1819 quibus
578 1777 750 1821 serpens
784 1765 878 1822 plus
908 1766 1148 1814 ademerat,
1172 1779 1300 1821 quam
1324 1764 1413 1822 ipse
1436 1762 1656 1813 amiserat,
1681 1774 1770 1806 ma*—

396 1831 488 1889 jora
512 1831 704 1875 Christus
724 1833 864 1876 facere
891 1835 1093 1895 donaret,
1120 1849 1246 1891 quam
1270 1835 1359 1892 ipse
1382 1834 1425 1876 in
1447 1833 1570 1877 terris
1591 1833 1762 1877 fecerat.

397 1902 446 1946 In
468 1918 512 1946 se
528 1904 642 1947 enim
663 1904 796 1948 voluit
822 1905 1060 1964 principem
1090 1906 1242 1949 mundi
1265 1905 1433 1955 fallere3
1457 1905 1501 1948 in
1521 1903 1767 1964 Discipulis,

400 1973 675 2032 triumphare.

455 2043 637 2088 XXXV.
672 2045 820 2103 Itaque
843 2061 863 2088 a
881 2054 998 2089 tauto
1026 2047 1166 2090 volens
1190 2046 1368 2089 crimine
1385 2046 1602 2090 vindicare
1621 2045 1770 2090 huma-

399 2128 501 2157 num
514 2129 663 2173 genus,
679 2115 913 2158 introduxit
928 2116 1184 2159 Pharisaeum
1199 2125 1241 2160 et
1253 2117 1533 2161 Publicanum
1550 2118 1593 2161 in
1610 2118 1770 2177 templo

398 2185 596 2227 orantes-⁵
617 2202 629 2235 ς
648 2194 690 2229 et
712 2187 1030 2230 docuitetiamsi
1049 2188 1160 2230 bona
1185 2197 1335 2232 caetera
1358 2189 1529 2238 habeat,
1553 2189 1670 2248 quod
1684 2204 1772 2233 ma-

399 2254 460 2313 gis
481 2255 688 2313 superbus
717 2256 927 2308 offendat,
954 2272 1081 2315 quam
1100 2258 1292 2309 humilis,
1325 2259 1397 2317 qui
1418 2260 1535 2303 nulla
1565 2259 1772 2304 virtutum

399 2326 498 2368 dote
521 2326 723 2369 subnixus
741 2327 824 2377 sit‘3
848 2330 990 2372 studet
1012 2330 1124 2372 enim
1147 2331 1630 2392 supplantarediabolus
1645 2329 1771 2373 honis

398 2395 597 2453 operibus
626 2397 822 2441 intentos.
861 2399 1079 2451 Quantum
1106 2401 1313 2444 laboravit
1342 2400 1576 2444 Pharisaeus
1599 2400 1694 2451 ille,
1713 2406 1772 2444 'ne

401 2475 569 2524 raperet
585 2467 735 2519 aliena,
750 2485 804 2512 ne
826 2470 1007 2527 injustus
1024 2480 1150 2522 esset,
1171 2488 1223 2515 ne
1242 2472 1531 2516 adulteraret?
1549 2471 1771 2525 Quantum

399 2538 628 2590 laboravit,
658 2551 710 2583 ne
733 2551 954 2600 peccaret,
981 2543 1090 2587 sieut
1110 2545 1301 2603 peccavit
1321 2544 1606 2589 Publicanus?
1621 2545 1772 2598 Quan-

444 2649 453 2665 ¹
471 2640 556 2673 Psal.
578 2632 692 2681 edm,
714 2653 765 2675 21.
791 2661 833 2669 —-
859 2654 873 2670 ¹
903 2646 978 2679 lsai.
1004 2657 1070 2685 x1v,
1091 2648 1144 2688 ²4·
1163 2666 1203 2675 --
1219 2650 1233 2675 3
1252 2660 1270 2683 2
1289 2650 1404 2685 Thess.
1420 2660 1459 2692 ¹1,
1478 2650 1511 2691 5,
1528 2649 1563 2689 4·
1577 2656 1618 2677 -··“
1633 2651 1648 2679 '⁸
1661 2647 1762 2682 '0⁸¹¹-

396 2704 468 2738 x1v,
488 2704 536 2732 υ,
558 2713 599 2722 -
616 2697 629 2720 ⁵
646 2697 727 2733 Luc.
744 2709 842 2743 xvlu,
863 2711 915 2743 10,
937 2706 970 2735 et
985 2711 1080 2746 seqq.
