<?xml version="1.0" encoding="UTF-8"?>
<!DOCTYPE html PUBLIC "-//W3C//DTD XHTML 1.0 Transitional//EN"
    "http://www.w3.org/TR/xhtml1/DTD/xhtml1-transitional.dtd">
<html xmlns="http://www.w3.org/1999/xhtml" xml:lang="en" lang="en">
 <head>
  <title>
</title>
<meta http-equiv="Content-Type" content="text/html;charset=utf-8" />
  <meta name='ocr-system' content='tesseract 3.04.00' />
  <meta name='ocr-capabilities' content='ocr_page ocr_carea ocr_par ocr_line ocrx_word'/>
</head>
<body>
  <div class='ocr_page' id='page_1' title='image "./omniaequaeextant04ambruoft_0224.png"; bbox 0 0 1800 3236; ppageno 0'>
   <div class='ocr_carea' id='block_1_1' title="bbox 358 295 1171 344">
    <p class='ocr_par' dir='ltr' id='par_1_1' title="bbox 358 295 1171 344">
     <span class='ocr_line' id='line_1_1' title="bbox 358 295 1171 344; baseline -0.004 -7"><span class='ocrx_word' id='word_1_1' title='bbox 358 309 379 338; x_wconf 81' lang='lat'><em>2</em></span> <span class='ocrx_word' id='word_1_2' title='bbox 392 309 406 336; x_wconf 90' lang='lat'>1</span> <span class='ocrx_word' id='word_1_3' title='bbox 423 295 442 344; x_wconf 51' lang='lat' dir='ltr'><strong>&#39;t</strong></span> <span class='ocrx_word' id='word_1_4' title='bbox 697 325 699 328; x_wconf 90' lang='lat'>-</span> <span class='ocrx_word' id='word_1_5' title='bbox 909 307 940 336; x_wconf 85' lang='lat' dir='ltr'><strong>s.</strong></span> <span class='ocrx_word' id='word_1_6' title='bbox 980 305 1171 336; x_wconf 72' lang='lat' dir='ltr'><strong>Annnosn</strong></span> 
     </span>
    </p>
   </div>
   <div class='ocr_carea' id='block_1_2' title="bbox 323 381 1786 2639">
    <p class='ocr_par' dir='ltr' id='par_1_2' title="bbox 323 381 1727 1495">
     <span class='ocr_line' id='line_1_2' title="bbox 408 381 1713 448; baseline -0.002 -16"><span class='ocrx_word' id='word_1_7' title='bbox 408 386 616 432; x_wconf 89' lang='lat' dir='ltr'><strong>XXXIII.</strong></span> <span class='ocrx_word' id='word_1_8' title='bbox 639 386 731 431; x_wconf 91' lang='lat' dir='ltr'><strong>Non</strong></span> <span class='ocrx_word' id='word_1_9' title='bbox 745 401 844 445; x_wconf 84' lang='lat' dir='ltr'><strong>ergo</strong></span> <span class='ocrx_word' id='word_1_10' title='bbox 859 401 1115 444; x_wconf 74' lang='lat' dir='ltr'>magnopere</span> <span class='ocrx_word' id='word_1_11' title='bbox 1127 384 1349 427; x_wconf 82' lang='lat' dir='ltr'><strong>laudabilis</strong></span> <span class='ocrx_word' id='word_1_12' title='bbox 1361 393 1470 428; x_wconf 81' lang='lat' dir='ltr'><strong>esset</strong></span> <span class='ocrx_word' id='word_1_13' title='bbox 1484 384 1694 448; x_wconf 84' lang='lat' dir='ltr'><strong>Propheta</strong></span> <span class='ocrx_word' id='word_1_14' title='bbox 1701 381 1713 436; x_wconf 34' lang='lat'><strong>,¹</strong></span> 
     </span>
     <span class='ocr_line' id='line_1_3' title="bbox 352 456 1716 516; baseline -0.002 -13"><span class='ocrx_word' id='word_1_15' title='bbox 352 461 386 504; x_wconf 88' lang='lat' dir='ltr'><strong>si</strong></span> <span class='ocrx_word' id='word_1_16' title='bbox 407 461 597 502; x_wconf 82' lang='lat' dir='ltr'><strong>laudaret</strong></span> <span class='ocrx_word' id='word_1_17' title='bbox 616 458 774 516; x_wconf 85' lang='lat' dir='ltr'><strong>judicia</strong></span> <span class='ocrx_word' id='word_1_18' title='bbox 797 457 891 506; x_wconf 90' lang='lat' dir='ltr'><strong>Dei,</strong></span> <span class='ocrx_word' id='word_1_19' title='bbox 917 473 1017 499; x_wconf 89' lang='lat' dir='ltr'><strong>usus</strong></span> <span class='ocrx_word' id='word_1_20' title='bbox 1037 456 1250 499; x_wconf 79' lang='lat' dir='ltr'><strong>affluentia</strong></span> <span class='ocrx_word' id='word_1_21' title='bbox 1271 457 1572 499; x_wconf 78' lang='lat' dir='ltr'><strong>secundorum.</strong></span> <span class='ocrx_word' id='word_1_22' title='bbox 1600 456 1716 510; x_wconf 83' lang='lat' dir='ltr'><strong>Quid</strong></span> 
     </span>
     <span class='ocr_line' id='line_1_4' title="bbox 352 526 1713 586; baseline -0.002 -13"><span class='ocrx_word' id='word_1_23' title='bbox 352 531 465 573; x_wconf 82' lang='lat' dir='ltr'><strong>enim</strong></span> <span class='ocrx_word' id='word_1_24' title='bbox 495 544 697 586; x_wconf 85' lang='lat' dir='ltr'><strong>magnum</strong></span> <span class='ocrx_word' id='word_1_25' title='bbox 732 527 909 570; x_wconf 80' lang='lat' dir='ltr'><strong>facimus</strong></span> <span class='ocrx_word' id='word_1_26' title='bbox 928 560 938 576; x_wconf 87' lang='lat'>‚</span> <span class='ocrx_word' id='word_1_27' title='bbox 974 527 1008 569; x_wconf 87' lang='lat' dir='ltr'><strong>si</strong></span> <span class='ocrx_word' id='word_1_28' title='bbox 1040 527 1210 584; x_wconf 87' lang='lat' dir='ltr'><strong>quando</strong></span> <span class='ocrx_word' id='word_1_29' title='bbox 1244 526 1287 568; x_wconf 87' lang='lat' dir='ltr'><strong>in</strong></span> <span class='ocrx_word' id='word_1_30' title='bbox 1313 527 1510 569; x_wconf 79' lang='lat' dir='ltr'><strong>secundis</strong></span> <span class='ocrx_word' id='word_1_31' title='bbox 1533 539 1678 570; x_wconf 78' lang='lat' dir='ltr'><strong>sumus</strong></span> <span class='ocrx_word' id='word_1_32' title='bbox 1702 561 1713 578; x_wconf 91' lang='lat'><strong><em>,</em></strong></span> 
     </span>
     <span class='ocr_line' id='line_1_5' title="bbox 323 598 1716 661; baseline -0.003 -15"><span class='ocrx_word' id='word_1_33' title='bbox 323 632 325 635; x_wconf 57' lang='lat'>&lt;</span> <span class='ocrx_word' id='word_1_34' title='bbox 349 604 571 647; x_wconf 82' lang='lat' dir='ltr'>laudamus</span> <span class='ocrx_word' id='word_1_35' title='bbox 595 602 730 643; x_wconf 82' lang='lat' dir='ltr'><strong>Deum</strong></span> <span class='ocrx_word' id='word_1_36' title='bbox 746 632 756 647; x_wconf 96' lang='lat'><strong>,</strong></span> <span class='ocrx_word' id='word_1_37' title='bbox 781 600 951 656; x_wconf 82' lang='lat' dir='ltr'><strong>quando</strong></span> <span class='ocrx_word' id='word_1_38' title='bbox 975 598 1016 640; x_wconf 88' lang='lat' dir='ltr'><strong>in</strong></span> <span class='ocrx_word' id='word_1_39' title='bbox 1035 598 1187 640; x_wconf 82' lang='lat' dir='ltr'><strong>divitiis</strong></span> <span class='ocrx_word' id='word_1_40' title='bbox 1207 612 1351 640; x_wconf 85' lang='lat' dir='ltr'><strong>sumus</strong></span> <span class='ocrx_word' id='word_1_41' title='bbox 1367 630 1378 647; x_wconf 94' lang='lat'>,</span> <span class='ocrx_word' id='word_1_42' title='bbox 1398 599 1567 655; x_wconf 79' lang='lat' dir='ltr'><strong>quando</strong></span> <span class='ocrx_word' id='word_1_43' title='bbox 1589 598 1716 661; x_wconf 79' lang='lat' dir='ltr'><strong>nullis</strong></span> 
     </span>
     <span class='ocr_line' id='line_1_6' title="bbox 349 665 1717 728; baseline -0.002 -13"><span class='ocrx_word' id='word_1_44' title='bbox 349 687 552 715; x_wconf 85' lang='lat' dir='ltr'><strong>vexamur</strong></span> <span class='ocrx_word' id='word_1_45' title='bbox 570 669 765 728; x_wconf 74' lang='lat' dir='ltr'><strong>injuriis?</strong></span> <span class='ocrx_word' id='word_1_46' title='bbox 789 665 902 711; x_wconf 87' lang='lat' dir='ltr'><strong>Illud</strong></span> <span class='ocrx_word' id='word_1_47' title='bbox 919 677 982 711; x_wconf 84' lang='lat' dir='ltr'><strong>est</strong></span> <span class='ocrx_word' id='word_1_48' title='bbox 1005 667 1297 726; x_wconf 81' lang='lat' dir='ltr'><strong>magnificum,</strong></span> <span class='ocrx_word' id='word_1_49' title='bbox 1319 668 1352 709; x_wconf 93' lang='lat' dir='ltr'><strong>si</strong></span> <span class='ocrx_word' id='word_1_50' title='bbox 1368 668 1717 727; x_wconf 63' lang='lat' dir='ltr'><strong>subjeetus‘inj&#39;n·</strong></span> 
     </span>
     <span class='ocr_line' id='line_1_7' title="bbox 351 739 1718 800; baseline -0.002 -13"><span class='ocrx_word' id='word_1_51' title='bbox 351 745 439 792; x_wconf 87' lang='lat' dir='ltr'><strong>riis,</strong></span> <span class='ocrx_word' id='word_1_52' title='bbox 464 742 754 788; x_wconf 77' lang='lat' dir='ltr'><strong>contumeliis,</strong></span> <span class='ocrx_word' id='word_1_53' title='bbox 777 741 987 798; x_wconf 87' lang='lat' dir='ltr'><strong>judicium</strong></span> <span class='ocrx_word' id='word_1_54' title='bbox 1013 740 1090 783; x_wconf 89' lang='lat' dir='ltr'><strong>Dei</strong></span> <span class='ocrx_word' id='word_1_55' title='bbox 1111 741 1276 789; x_wconf 80' lang='lat' dir='ltr'><strong>laudes,</strong></span> <span class='ocrx_word' id='word_1_56' title='bbox 1305 739 1338 781; x_wconf 87' lang='lat' dir='ltr'><strong>si</strong></span> <span class='ocrx_word' id='word_1_57' title='bbox 1358 741 1718 800; x_wconf 71' lang='lat' dir='ltr'><strong>vexatus&#39;aegritn-</strong></span> 
     </span>
     <span class='ocr_line' id='line_1_8' title="bbox 353 809 1718 877; baseline -0.001 -20"><span class='ocrx_word' id='word_1_58' title='bbox 353 815 466 864; x_wconf 88' lang='lat' dir='ltr'><strong>dine,</strong></span> <span class='ocrx_word' id='word_1_59' title='bbox 489 813 650 871; x_wconf 80' lang='lat' dir='ltr'><strong>judicia</strong></span> <span class='ocrx_word' id='word_1_60' title='bbox 671 812 747 855; x_wconf 87' lang='lat' dir='ltr'><strong>Dei</strong></span> <span class='ocrx_word' id='word_1_61' title='bbox 766 811 969 870; x_wconf 82' lang='lat' dir='ltr'><strong>praedices</strong></span> <span class='ocrx_word' id='word_1_62' title='bbox 991 824 1001 853; x_wconf 76' lang='lat' dir='ltr'><em>z</em></span> <span class='ocrx_word' id='word_1_63' title='bbox 1027 810 1060 853; x_wconf 90' lang='lat' dir='ltr'><strong>si</strong></span> <span class='ocrx_word' id='word_1_64' title='bbox 1077 819 1118 853; x_wconf 92' lang='lat' dir='ltr'><strong>te</strong></span> <span class='ocrx_word' id='word_1_65' title='bbox 1135 809 1275 868; x_wconf 88' lang='lat' dir='ltr'><strong>inopia</strong></span> <span class='ocrx_word' id='word_1_66' title='bbox 1297 825 1382 852; x_wconf 91' lang='lat' dir='ltr'><strong>non</strong></span> <span class='ocrx_word' id='word_1_67' title='bbox 1403 819 1597 862; x_wconf 80' lang='lat' dir='ltr'><strong>revocet,</strong></span> <span class='ocrx_word' id='word_1_68' title='bbox 1611 816 1718 877; x_wconf 68' lang='lat' dir='ltr'><strong>vqno-</strong></span> 
     </span>
     <span class='ocr_line' id='line_1_9' title="bbox 351 880 1719 941; baseline -0.002 -12"><span class='ocrx_word' id='word_1_69' title='bbox 351 886 492 929; x_wconf 88' lang='lat' dir='ltr'><strong>minus</strong></span> <span class='ocrx_word' id='word_1_70' title='bbox 522 886 668 928; x_wconf 80' lang='lat' dir='ltr'><strong>laudes</strong></span> <span class='ocrx_word' id='word_1_71' title='bbox 694 883 899 941; x_wconf 86' lang='lat' dir='ltr'><strong>justitiam</strong></span> <span class='ocrx_word' id='word_1_72' title='bbox 930 882 1022 924; x_wconf 90' lang='lat' dir='ltr'><strong>Dei.</strong></span> <span class='ocrx_word' id='word_1_73' title='bbox 1049 881 1160 940; x_wconf 82' lang='lat' dir='ltr'><strong>Ergo</strong></span> <span class='ocrx_word' id='word_1_74' title='bbox 1187 896 1356 940; x_wconf 87' lang='lat' dir='ltr'><strong>semper</strong></span> <span class='ocrx_word' id='word_1_75' title='bbox 1376 883 1586 925; x_wconf 83' lang='lat' dir='ltr'><strong>laudanda</strong></span> <span class='ocrx_word' id='word_1_76' title='bbox 1616 880 1719 926; x_wconf 59' lang='lat' dir='ltr'><strong>suni</strong></span> 
     </span>
     <span class='ocr_line' id='line_1_10' title="bbox 351 952 1721 1014; baseline -0.002 -16"><span class='ocrx_word' id='word_1_77' title='bbox 351 955 511 1014; x_wconf 82' lang='lat' dir='ltr'><strong>judicia</strong></span> <span class='ocrx_word' id='word_1_78' title='bbox 549 954 654 1003; x_wconf 87' lang='lat' dir='ltr'><strong>Dei,</strong></span> <span class='ocrx_word' id='word_1_79' title='bbox 703 954 812 996; x_wconf 85' lang='lat' dir='ltr'><strong>sicut</strong></span> <span class='ocrx_word' id='word_1_80' title='bbox 849 953 1056 1011; x_wconf 87' lang='lat' dir='ltr'><strong>scriptum</strong></span> <span class='ocrx_word' id='word_1_81' title='bbox 1091 960 1191 995; x_wconf 86' lang='lat' dir='ltr'><strong>est:</strong></span> <span class='ocrx_word' id='word_1_82' title='bbox 1239 969 1255 991; x_wconf 75' lang='grc' dir='ltr'><strong>«ι</strong></span> <span class='ocrx_word' id='word_1_83' title='bbox 1281 952 1587 995; x_wconf 79' lang='lat' dir='ltr'><strong>Exultaverunt</strong></span> <span class='ocrx_word' id='word_1_84' title='bbox 1618 952 1721 995; x_wconf 66' lang='lat' dir='ltr'><strong>filiai</strong></span> 
     </span>
     <span class='ocr_line' id='line_1_11' title="bbox 351 1014 1725 1085; baseline -0.001 -17"><span class='ocrx_word' id='word_1_85' title='bbox 351 1028 502 1071; x_wconf 80' lang='lat' dir='ltr'><strong>»Judae</strong></span> <span class='ocrx_word' id='word_1_86' title='bbox 525 1020 868 1085; x_wconf 81' lang='lat' dir='ltr'><strong>propterjudicia</strong></span> <span class='ocrx_word' id='word_1_87' title='bbox 894 1024 988 1067; x_wconf 72' lang='lat' dir='ltr'><strong>tua¹</strong></span> <span class='ocrx_word' id='word_1_88' title='bbox 1006 1056 1016 1067; x_wconf 88' lang='lat'><strong>.</strong></span> <span class='ocrx_word' id='word_1_89' title='bbox 1048 1042 1065 1064; x_wconf 76' lang='lat' dir='ltr'><strong>n</strong></span> <span class='ocrx_word' id='word_1_90' title='bbox 1093 1019 1200 1076; x_wconf 76' lang='lat' dir='ltr'><strong>Quae</strong></span> <span class='ocrx_word' id='word_1_91' title='bbox 1223 1031 1320 1066; x_wconf 87' lang='lat' dir='ltr'><strong>sunt</strong></span> <span class='ocrx_word' id='word_1_92' title='bbox 1341 1014 1439 1066; x_wconf 83' lang='lat' dir='ltr'><strong>filiae</strong></span> <span class='ocrx_word' id='word_1_93' title='bbox 1458 1024 1613 1074; x_wconf 71' lang='lat' dir='ltr'><strong>Judae,</strong></span> <span class='ocrx_word' id='word_1_94' title='bbox 1618 1023 1725 1067; x_wconf 79' lang='lat' dir='ltr'><strong>nisi</strong></span> 
     </span>
     <span class='ocr_line' id='line_1_12' title="bbox 354 1086 1725 1156; baseline -0.003 -14"><span class='ocrx_word' id='word_1_95' title='bbox 354 1100 505 1143; x_wconf 84' lang='lat' dir='ltr'><strong>animae</strong></span> <span class='ocrx_word' id='word_1_96' title='bbox 534 1098 739 1156; x_wconf 61' lang='lat' dir='ltr'><strong>religiosae</strong></span> <span class='ocrx_word' id='word_1_97' title='bbox 758 1130 770 1147; x_wconf 97' lang='lat'>,</span> <span class='ocrx_word' id='word_1_98' title='bbox 810 1097 959 1140; x_wconf 86' lang='lat' dir='ltr'><strong>animae</strong></span> <span class='ocrx_word' id='word_1_99' title='bbox 987 1095 1187 1139; x_wconf 79' lang='lat' dir='ltr'><strong>Ecclesiae</strong></span> <span class='ocrx_word' id='word_1_100' title='bbox 1212 1109 1314 1152; x_wconf 85' lang='lat' dir='ltr'><strong>-quae</strong></span> <span class='ocrx_word' id='word_1_101' title='bbox 1334 1094 1491 1138; x_wconf 80' lang='lat' dir='ltr'><strong>Jesum&#39;</strong></span> <span class='ocrx_word' id='word_1_102' title='bbox 1501 1086 1725 1138; x_wconf 66' lang='lat' dir='ltr'><strong>Chi-istum</strong></span> 
     </span>
     <span class='ocr_line' id='line_1_13' title="bbox 349 1166 1721 1225; baseline -0.003 -12"><span class='ocrx_word' id='word_1_103' title='bbox 349 1169 582 1214; x_wconf 85' lang='lat' dir='ltr'><strong>Dominum</strong></span> <span class='ocrx_word' id='word_1_104' title='bbox 621 1167 882 1211; x_wconf 87' lang='lat' dir='ltr'><strong>confitentur</strong></span> <span class='ocrx_word' id='word_1_105' title='bbox 906 1200 917 1218; x_wconf 91' lang='lat'><strong><em>,</em></strong></span> <span class='ocrx_word' id='word_1_106' title='bbox 959 1182 1052 1224; x_wconf 86' lang='lat' dir='ltr'><strong>quae</strong></span> <span class='ocrx_word' id='word_1_107' title='bbox 1087 1167 1278 1210; x_wconf 87' lang='lat' dir='ltr'><strong>videntes</strong></span> <span class='ocrx_word' id='word_1_108' title='bbox 1307 1166 1522 1209; x_wconf 73' lang='lat' dir='ltr'><strong>rationem</strong></span> <span class='ocrx_word' id='word_1_109' title='bbox 1533 1166 1721 1225; x_wconf 61' lang='lat' dir='ltr'><strong>judidio-</strong></span> 
     </span>
     <span class='ocr_line' id='line_1_14' title="bbox 355 1225 1727 1296; baseline -0.002 -14"><span class='ocrx_word' id='word_1_110' title='bbox 355 1255 452 1283; x_wconf 85' lang='lat' dir='ltr'><strong>rum</strong></span> <span class='ocrx_word' id='word_1_111' title='bbox 474 1247 647 1281; x_wconf 85' lang='lat' dir='ltr'><strong>tuorum</strong></span> <span class='ocrx_word' id='word_1_112' title='bbox 666 1271 678 1288; x_wconf 96' lang='lat'><strong><em>,</em></strong></span> <span class='ocrx_word' id='word_1_113' title='bbox 721 1253 890 1296; x_wconf 78' lang='lat' dir='ltr'><strong>semper</strong></span> <span class='ocrx_word' id='word_1_114' title='bbox 925 1236 1156 1279; x_wconf 71' lang='lat' dir='ltr'><strong>exultant?</strong></span> <span class='ocrx_word' id='word_1_115' title='bbox 1189 1236 1274 1289; x_wconf 85' lang='lat' dir='ltr'><strong>Qui</strong></span> <span class='ocrx_word' id='word_1_116' title='bbox 1305 1236 1443 1282; x_wconf 84' lang='lat' dir='ltr'><strong>enim·</strong></span> <span class='ocrx_word' id='word_1_117' title='bbox 1453 1250 1540 1279; x_wconf 89' lang='lat' dir='ltr'><strong>non</strong></span> <span class='ocrx_word' id='word_1_118' title='bbox 1580 1251 1632 1280; x_wconf 79' lang='lat' dir='ltr'><strong>ex</strong></span> <span class='ocrx_word' id='word_1_119' title='bbox 1634 1225 1727 1279; x_wconf 76' lang='lat' dir='ltr'><strong>ali-¹</strong></span> 
     </span>
     <span class='ocr_line' id='line_1_15' title="bbox 352 1302 1725 1368; baseline -0.003 -16"><span class='ocrx_word' id='word_1_120' title='bbox 352 1325 437 1368; x_wconf 88' lang='lat' dir='ltr'><strong>quo</strong></span> <span class='ocrx_word' id='word_1_121' title='bbox 475 1310 763 1352; x_wconf 68' lang='lat' dir='ltr'><strong>secundorum</strong></span> <span class='ocrx_word' id='word_1_122' title='bbox 804 1316 1015 1366; x_wconf 87' lang='lat' dir='ltr'><strong>proventu</strong></span> <span class='ocrx_word' id='word_1_123' title='bbox 1037 1339 1049 1356; x_wconf 94' lang='lat'>,</span> <span class='ocrx_word' id='word_1_124' title='bbox 1087 1308 1161 1349; x_wconf 86' lang='lat' dir='ltr'><strong>sed</strong></span> <span class='ocrx_word' id='word_1_125' title='bbox 1195 1322 1246 1350; x_wconf 89' lang='lat' dir='ltr'><strong>ex</strong></span> <span class='ocrx_word' id='word_1_126' title='bbox 1275 1306 1532 1365; x_wconf 80' lang='lat' dir='ltr'>cognitione</span> <span class='ocrx_word' id='word_1_127' title='bbox 1547 1302 1725 1350; x_wconf 74' lang='lat' dir='ltr'><strong>rationis</strong></span> 
     </span>
     <span class='ocr_line' id='line_1_16' title="bbox 350 1372 1722 1436; baseline -0.003 -12"><span class='ocrx_word' id='word_1_128' title='bbox 350 1381 488 1424; x_wconf 87' lang='lat' dir='ltr'><strong>induit</strong></span> <span class='ocrx_word' id='word_1_129' title='bbox 510 1379 725 1429; x_wconf 82' lang='lat' dir='ltr'><strong>laetitiam3</strong></span> <span class='ocrx_word' id='word_1_130' title='bbox 748 1378 915 1421; x_wconf 88' lang='lat' dir='ltr'><strong>nonnisi</strong></span> <span class='ocrx_word' id='word_1_131' title='bbox 943 1378 986 1420; x_wconf 91' lang='lat' dir='ltr'><strong>in</strong></span> <span class='ocrx_word' id='word_1_132' title='bbox 1006 1378 1264 1421; x_wconf 86' lang='lat' dir='ltr'><strong>exultatione</strong></span> <span class='ocrx_word' id='word_1_133' title='bbox 1288 1372 1493 1436; x_wconf 76' lang='lat' dir='ltr'><strong>perpetua</strong></span> <span class='ocrx_word' id='word_1_134' title='bbox 1519 1377 1722 1421; x_wconf 63' lang='lat' dir='ltr'><strong>constitu</strong></span> 
     </span>
     <span class='ocr_line' id='line_1_17' title="bbox 348 1455 1588 1495; baseline -0.002 0"><span class='ocrx_word' id='word_1_135' title='bbox 348 1460 416 1495; x_wconf 84' lang='lat' dir='ltr'><strong>tus</strong></span> <span class='ocrx_word' id='word_1_136' title='bbox 433 1460 508 1494; x_wconf 87' lang='lat' dir='ltr'><strong>est.</strong></span> <span class='ocrx_word' id='word_1_137' title='bbox 1585 1455 1588 1462; x_wconf 66' lang='lat'><em>²</em></span> 
     </span>
    </p>

    <p class='ocr_par' dir='ltr' id='par_1_3' title="bbox 348 1517 1786 2639">
     <span class='ocr_line' id='line_1_18' title="bbox 407 1517 1723 1578; baseline -0.002 -13"><span class='ocrx_word' id='word_1_138' title='bbox 407 1520 614 1566; x_wconf 86' lang='lat' dir='ltr'><strong>XXXIV.</strong></span> <span class='ocrx_word' id='word_1_139' title='bbox 651 1519 854 1578; x_wconf 87' lang='lat' dir='ltr'><strong>Sequitur</strong></span> <span class='ocrx_word' id='word_1_140' title='bbox 875 1530 1021 1563; x_wconf 73' lang='lat' dir='ltr'><strong>versus</strong></span> <span class='ocrx_word' id='word_1_141' title='bbox 1039 1527 1214 1576; x_wconf 81' lang='lat' dir='ltr'><strong>quartus</strong></span> <span class='ocrx_word' id='word_1_142' title='bbox 1237 1534 1246 1560; x_wconf 90' lang='lat'>:</span> <span class='ocrx_word' id='word_1_143' title='bbox 1274 1536 1289 1558; x_wconf 75' lang='grc' dir='ltr'>α</span> <span class='ocrx_word' id='word_1_144' title='bbox 1304 1519 1536 1563; x_wconf 69' lang='lat' dir='ltr'><strong>Fiat-mune</strong></span> <span class='ocrx_word' id='word_1_145' title='bbox 1555 1517 1723 1563; x_wconf 80' lang='lat' dir='ltr'><strong>miseri-</strong></span> 
     </span>
     <span class='ocr_line' id='line_1_19' title="bbox 354 1589 1725 1638; baseline 0 -5"><span class='ocrx_word' id='word_1_146' title='bbox 354 1591 530 1633; x_wconf 86' lang='lat' dir='ltr'><strong>»cordia</strong></span> <span class='ocrx_word' id='word_1_147' title='bbox 555 1600 623 1634; x_wconf 87' lang='lat' dir='ltr'><strong>tua</strong></span> <span class='ocrx_word' id='word_1_148' title='bbox 655 1599 702 1633; x_wconf 89' lang='lat' dir='ltr'><strong>ut</strong></span> <span class='ocrx_word' id='word_1_149' title='bbox 724 1590 974 1632; x_wconf 85' lang='lat' dir='ltr'><strong>exhortetur</strong></span> <span class='ocrx_word' id='word_1_150' title='bbox 999 1603 1068 1632; x_wconf 88' lang='lat' dir='ltr'><strong>me</strong></span> <span class='ocrx_word' id='word_1_151' title='bbox 1096 1617 1112 1638; x_wconf 63' lang='lat'><strong>‚›</strong></span> <span class='ocrx_word' id='word_1_152' title='bbox 1134 1590 1370 1632; x_wconf 84' lang='lat' dir='ltr'><strong>secundum</strong></span> <span class='ocrx_word' id='word_1_153' title='bbox 1390 1589 1571 1632; x_wconf 84' lang='lat' dir='ltr'><strong>verbum</strong></span> <span class='ocrx_word' id='word_1_154' title='bbox 1599 1596 1725 1634; x_wconf 80' lang='lat' dir='ltr'><strong>tuum·</strong></span> 
     </span>
     <span class='ocr_line' id='line_1_20' title="bbox 353 1651 1711 1718; baseline -0.001 -14"><span class='ocrx_word' id='word_1_155' title='bbox 353 1681 370 1703; x_wconf 87' lang='lat'>»</span> <span class='ocrx_word' id='word_1_156' title='bbox 384 1669 583 1704; x_wconf 86' lang='lat' dir='ltr'><strong>servotuo</strong></span> <span class='ocrx_word' id='word_1_157' title='bbox 595 1661 626 1704; x_wconf 89' lang='lat'><strong>².</strong></span> <span class='ocrx_word' id='word_1_158' title='bbox 640 1679 656 1701; x_wconf 82' lang='lat'><strong>»</strong></span> <span class='ocrx_word' id='word_1_159' title='bbox 670 1661 809 1718; x_wconf 84' lang='lat' dir='ltr'><strong>Aliqui</strong></span> <span class='ocrx_word' id='word_1_160' title='bbox 827 1661 986 1703; x_wconf 82' lang='lat' dir='ltr'><strong>hahent</strong></span> <span class='ocrx_word' id='word_1_161' title='bbox 1001 1660 1041 1702; x_wconf 91' lang='lat' dir='ltr'><strong>in</strong></span> <span class='ocrx_word' id='word_1_162' title='bbox 1056 1660 1138 1702; x_wconf 91' lang='lat' dir='ltr'><strong>hoc</strong></span> <span class='ocrx_word' id='word_1_163' title='bbox 1155 1662 1250 1703; x_wconf 90' lang='lat' dir='ltr'><strong>loco</strong></span> <span class='ocrx_word' id='word_1_164' title='bbox 1273 1675 1282 1702; x_wconf 73' lang='grc' dir='ltr'>ε</span> <span class='ocrx_word' id='word_1_165' title='bbox 1298 1676 1315 1698; x_wconf 76' lang='lat'><strong>&lt;1</strong></span> <span class='ocrx_word' id='word_1_166' title='bbox 1331 1651 1679 1703; x_wconf 82' lang='lat' dir='ltr'><strong>Consoleturme.</strong></span> <span class='ocrx_word' id='word_1_167' title='bbox 1694 1678 1711 1700; x_wconf 84' lang='lat'><strong>»</strong></span> 
     </span>
     <span class='ocr_line' id='line_1_21' title="bbox 353 1731 1724 1790; baseline -0.001 -16"><span class='ocrx_word' id='word_1_168' title='bbox 353 1732 437 1774; x_wconf 80' lang='lat' dir='ltr'><strong>Sed</strong></span> <span class='ocrx_word' id='word_1_169' title='bbox 457 1732 586 1774; x_wconf 84' lang='lat' dir='ltr'><strong>etiam</strong></span> <span class='ocrx_word' id='word_1_170' title='bbox 615 1731 657 1774; x_wconf 89' lang='lat' dir='ltr'><strong>in</strong></span> <span class='ocrx_word' id='word_1_171' title='bbox 680 1731 884 1790; x_wconf 86' lang='lat' dir='ltr'><strong>Apostolo</strong></span> <span class='ocrx_word' id='word_1_172' title='bbox 906 1731 1084 1789; x_wconf 85' lang='lat' dir='ltr'><strong>legimus</strong></span> <span class='ocrx_word' id='word_1_173' title='bbox 1105 1731 1444 1773; x_wconf 72' lang='lat' dir='ltr'><strong>exhortationem</strong></span> <span class='ocrx_word' id='word_1_174' title='bbox 1467 1736 1548 1790; x_wconf 77' lang='lat' dir='ltr'><strong>pro</strong></span> <span class='ocrx_word' id='word_1_175' title='bbox 1570 1735 1724 1774; x_wconf 42' lang='lat' dir='ltr'><strong>conso&amp;</strong></span> 
     </span>
     <span class='ocr_line' id='line_1_22' title="bbox 351 1802 1708 1865; baseline -0.001 -18"><span class='ocrx_word' id='word_1_176' title='bbox 351 1804 508 1847; x_wconf 81' lang='lat' dir='ltr'><strong>latione</strong></span> <span class='ocrx_word' id='word_1_177' title='bbox 545 1803 702 1846; x_wconf 87' lang='lat' dir='ltr'><strong>dictam</strong></span> <span class='ocrx_word' id='word_1_178' title='bbox 726 1835 738 1853; x_wconf 89' lang='lat'>‚</span> <span class='ocrx_word' id='word_1_179' title='bbox 785 1811 827 1845; x_wconf 90' lang='lat' dir='ltr'><strong>et</strong></span> <span class='ocrx_word' id='word_1_180' title='bbox 865 1803 1202 1846; x_wconf 82' lang='lat' dir='ltr'><strong>consolationem</strong></span> <span class='ocrx_word' id='word_1_181' title='bbox 1237 1819 1316 1862; x_wconf 88' lang='lat' dir='ltr'><strong>pro</strong></span> <span class='ocrx_word' id='word_1_182' title='bbox 1358 1803 1652 1846; x_wconf 73' lang='lat' dir='ltr'><strong>exhortatione</strong></span> <span class='ocrx_word' id='word_1_183' title='bbox 1675 1802 1708 1865; x_wconf 40' lang='grc' dir='ltr'><strong>ἦ.</strong></span> 
     </span>
     <span class='ocr_line' id='line_1_23' title="bbox 348 1873 1710 1932; baseline -0.002 -14"><span class='ocrx_word' id='word_1_184' title='bbox 348 1876 497 1932; x_wconf 78' lang='lat' dir='ltr'><strong>Magna</strong></span> <span class='ocrx_word' id='word_1_185' title='bbox 521 1883 584 1916; x_wconf 84' lang='lat' dir='ltr'><strong>est</strong></span> <span class='ocrx_word' id='word_1_186' title='bbox 613 1889 716 1932; x_wconf 82' lang='lat' dir='ltr'><strong>ergo</strong></span> <span class='ocrx_word' id='word_1_187' title='bbox 734 1873 1027 1930; x_wconf 31' lang='lat' dir='ltr'><strong>&#39;misericordia</strong></span> <span class='ocrx_word' id='word_1_188' title='bbox 1050 1874 1126 1916; x_wconf 92' lang='lat' dir='ltr'><strong>Dei</strong></span> <span class='ocrx_word' id='word_1_189' title='bbox 1148 1907 1158 1923; x_wconf 94' lang='lat'><strong><em>,</em></strong></span> <span class='ocrx_word' id='word_1_190' title='bbox 1183 1890 1276 1932; x_wconf 75' lang='lat' dir='ltr'>‹111ae</span> <span class='ocrx_word' id='word_1_191' title='bbox 1302 1879 1386 1916; x_wconf 86' lang='lat' dir='ltr'><strong>non&#39;</strong></span> <span class='ocrx_word' id='word_1_192' title='bbox 1407 1875 1546 1917; x_wconf 84' lang='lat' dir='ltr'><strong>solum</strong></span> <span class='ocrx_word' id='word_1_193' title='bbox 1567 1873 1710 1915; x_wconf 74' lang='lat' dir='ltr'><strong>remis-</strong></span> 
     </span>
     <span class='ocr_line' id='line_1_24' title="bbox 349 1939 1725 2001; baseline -0.001 -14"><span class='ocrx_word' id='word_1_194' title='bbox 349 1945 510 1987; x_wconf 84' lang='lat' dir='ltr'><strong>sionem</strong></span> <span class='ocrx_word' id='word_1_195' title='bbox 531 1943 682 1986; x_wconf 75' lang='lat' dir='ltr'>tribuit</span> <span class='ocrx_word' id='word_1_196' title='bbox 699 1952 971 2001; x_wconf 79' lang='lat' dir='ltr'><strong>peccatorum</strong></span> <span class='ocrx_word' id='word_1_197' title='bbox 991 1961 1002 1993; x_wconf 82' lang='lat'>3</span> <span class='ocrx_word' id='word_1_198' title='bbox 1022 1946 1095 1986; x_wconf 84' lang='lat' dir='ltr'><strong>sed</strong></span> <span class='ocrx_word' id='word_1_199' title='bbox 1115 1944 1243 1988; x_wconf 86' lang='lat' dir='ltr'><strong>etiam</strong></span> <span class='ocrx_word' id='word_1_200' title='bbox 1259 1945 1521 1987; x_wconf 75' lang='lat' dir='ltr'><strong>certantibus</strong></span> <span class='ocrx_word' id='word_1_201' title='bbox 1542 1939 1725 1987; x_wconf 75' lang='lat' dir='ltr'><strong>adhibet</strong></span> 
     </span>
     <span class='ocr_line' id='line_1_25' title="bbox 350 2014 1722 2073; baseline -0.001 -15"><span class='ocrx_word' id='word_1_202' title='bbox 350 2015 652 2058; x_wconf 75' lang='lat' dir='ltr'><strong>exhortationis</strong></span> <span class='ocrx_word' id='word_1_203' title='bbox 685 2015 894 2064; x_wconf 82' lang='lat' dir='ltr'><strong>calcaria,</strong></span> <span class='ocrx_word' id='word_1_204' title='bbox 929 2030 983 2057; x_wconf 89' lang='lat' dir='ltr'><strong>ne</strong></span> <span class='ocrx_word' id='word_1_205' title='bbox 1011 2015 1196 2072; x_wconf 83' lang='lat' dir='ltr'><strong>suscepti</strong></span> <span class='ocrx_word' id='word_1_206' title='bbox 1226 2015 1472 2058; x_wconf 83' lang='lat' dir='ltr'><strong>certaminis</strong></span> <span class='ocrx_word' id='word_1_207' title='bbox 1503 2014 1722 2073; x_wconf 76' lang='lat' dir='ltr'><strong>passiones</strong></span> 
     </span>
     <span class='ocr_line' id='line_1_26' title="bbox 348 2084 1786 2143; baseline 0 -15"><span class='ocrx_word' id='word_1_208' title='bbox 348 2085 508 2128; x_wconf 86' lang='lat' dir='ltr'><strong>imbelli</strong></span> <span class='ocrx_word' id='word_1_209' title='bbox 532 2084 758 2127; x_wconf 89' lang='lat' dir='ltr'><strong>formidine</strong></span> <span class='ocrx_word' id='word_1_210' title='bbox 778 2085 1086 2142; x_wconf 79' lang='lat' dir='ltr'><strong>derelinquant.</strong></span> <span class='ocrx_word' id='word_1_211' title='bbox 1116 2086 1209 2128; x_wconf 91' lang='lat' dir='ltr'><strong>Non</strong></span> <span class='ocrx_word' id='word_1_212' title='bbox 1226 2100 1326 2143; x_wconf 84' lang='lat' dir='ltr'><strong>ergo</strong></span> <span class='ocrx_word' id='word_1_213' title='bbox 1347 2085 1689 2128; x_wconf 80' lang='lat' dir='ltr'><strong>misericord-iam</strong></span> <span class='ocrx_word' id='word_1_214' title='bbox 1708 2100 1722 2135; x_wconf 86' lang='grc'><strong>,·</strong></span> <span class='ocrx_word' id='word_1_215' title='bbox 1782 2111 1786 2114; x_wconf 83' lang='grc'><em>·</em></span> 
     </span>
     <span class='ocr_line' id='line_1_27' title="bbox 349 2155 1711 2217; baseline 0.001 -19"><span class='ocrx_word' id='word_1_216' title='bbox 349 2156 467 2213; x_wconf 86' lang='lat' dir='ltr'><strong>quasi</strong></span> <span class='ocrx_word' id='word_1_217' title='bbox 484 2156 518 2198; x_wconf 91' lang='lat' dir='ltr'><strong>is</strong></span> <span class='ocrx_word' id='word_1_218' title='bbox 544 2156 615 2212; x_wconf 90' lang='lat' dir='ltr'><strong>qui</strong></span> <span class='ocrx_word' id='word_1_219' title='bbox 637 2155 772 2197; x_wconf 87' lang='lat' dir='ltr'><strong>victus</strong></span> <span class='ocrx_word' id='word_1_220' title='bbox 790 2157 927 2204; x_wconf 84' lang='lat' dir='ltr'><strong>cedat,</strong></span> <span class='ocrx_word' id='word_1_221' title='bbox 948 2164 1020 2198; x_wconf 89' lang='lat' dir='ltr'><strong>aut</strong></span> <span class='ocrx_word' id='word_1_222' title='bbox 1035 2163 1083 2197; x_wconf 89' lang='lat' dir='ltr'><strong>ut</strong></span> <span class='ocrx_word' id='word_1_223' title='bbox 1104 2156 1235 2198; x_wconf 85' lang='lat' dir='ltr'><strong>veniae</strong></span> <span class='ocrx_word' id='word_1_224' title='bbox 1252 2165 1464 2213; x_wconf 80' lang='lat' dir='ltr'><strong>precator,</strong></span> <span class='ocrx_word' id='word_1_225' title='bbox 1488 2156 1711 2217; x_wconf 83' lang='lat' dir='ltr'><strong>implorat,</strong></span> 
     </span>
     <span class='ocr_line' id='line_1_28' title="bbox 347 2220 1721 2292; baseline 0 -24"><span class='ocrx_word' id='word_1_226' title='bbox 347 2228 424 2269; x_wconf 85' lang='lat' dir='ltr'><strong>sed</strong></span> <span class='ocrx_word' id='word_1_227' title='bbox 455 2234 503 2268; x_wconf 88' lang='lat' dir='ltr'><strong>ut</strong></span> <span class='ocrx_word' id='word_1_228' title='bbox 531 2226 609 2269; x_wconf 84' lang='lat' dir='ltr'><strong>Dei</strong></span> <span class='ocrx_word' id='word_1_229' title='bbox 635 2227 906 2269; x_wconf 86' lang='lat' dir='ltr'><strong>miseratione</strong></span> <span class='ocrx_word' id='word_1_230' title='bbox 933 2226 1199 2275; x_wconf 82' lang='lat' dir='ltr'><strong>succinctus,</strong></span> <span class='ocrx_word' id='word_1_231' title='bbox 1221 2227 1384 2292; x_wconf 82' lang='lat' dir='ltr'><strong>majora</strong></span> <span class='ocrx_word' id='word_1_232' title='bbox 1412 2220 1572 2270; x_wconf 79' lang='lat' dir='ltr'><strong>viribus</strong></span> <span class='ocrx_word' id='word_1_233' title='bbox 1597 2231 1721 2269; x_wconf 80' lang='lat' dir='ltr'><strong>tanto</strong></span> 
     </span>
     <span class='ocr_line' id='line_1_29' title="bbox 348 2296 1721 2375; baseline 0.002 -36"><span class='ocrx_word' id='word_1_234' title='bbox 348 2311 527 2339; x_wconf 89' lang='lat' dir='ltr'><strong>munere</strong></span> <span class='ocrx_word' id='word_1_235' title='bbox 561 2296 691 2339; x_wconf 83' lang='lat' dir='ltr'><strong>fultus</strong></span> <span class='ocrx_word' id='word_1_236' title='bbox 725 2297 941 2354; x_wconf 86' lang='lat' dir='ltr'><strong>expediat.</strong></span> <span class='ocrx_word' id='word_1_237' title='bbox 984 2296 1208 2375; x_wconf 70' lang='lat' dir='ltr'><strong>Egregium</strong></span> <span class='ocrx_word' id='word_1_238' title='bbox 1249 2306 1292 2339; x_wconf 87' lang='lat' dir='ltr'><strong>et</strong></span> <span class='ocrx_word' id='word_1_239' title='bbox 1327 2298 1584 2354; x_wconf 77' lang='lat' dir='ltr'><strong>singularem</strong></span> <span class='ocrx_word' id='word_1_240' title='bbox 1616 2297 1721 2342; x_wconf 57' lang='lat' dir='ltr'><strong>Pron</strong></span> 
     </span>
     <span class='ocr_line' id='line_1_30' title="bbox 349 2365 1723 2424; baseline 0.001 -17"><span class='ocrx_word' id='word_1_241' title='bbox 349 2365 487 2424; x_wconf 86' lang='lat' dir='ltr'><strong>phetae</strong></span> <span class='ocrx_word' id='word_1_242' title='bbox 515 2374 704 2424; x_wconf 78' lang='lat' dir='ltr'><strong>spectato</strong></span> <span class='ocrx_word' id='word_1_243' title='bbox 727 2367 942 2409; x_wconf 84' lang='lat' dir='ltr'><strong>virtutem.</strong></span> <span class='ocrx_word' id='word_1_244' title='bbox 976 2366 1093 2409; x_wconf 88' lang='lat' dir='ltr'><strong>Alius</strong></span> <span class='ocrx_word' id='word_1_245' title='bbox 1114 2366 1228 2408; x_wconf 85' lang='lat' dir='ltr'><strong>enim</strong></span> <span class='ocrx_word' id='word_1_246' title='bbox 1255 2367 1500 2411; x_wconf 85' lang='lat' dir='ltr'><strong>humiliatus</strong></span> <span class='ocrx_word' id='word_1_247' title='bbox 1522 2365 1723 2409; x_wconf 70' lang='lat' dir='ltr'><strong>aeromnis</strong></span> 
     </span>
     <span class='ocr_line' id='line_1_31' title="bbox 348 2428 1722 2496; baseline 0 -17"><span class='ocrx_word' id='word_1_248' title='bbox 348 2446 570 2496; x_wconf 82' lang='lat' dir='ltr'><strong>posceret,</strong></span> <span class='ocrx_word' id='word_1_249' title='bbox 594 2446 644 2480; x_wconf 82' lang='lat' dir='ltr'><strong>ut</strong></span> <span class='ocrx_word' id='word_1_250' title='bbox 674 2438 787 2480; x_wconf 84' lang='lat' dir='ltr'><strong>circa</strong></span> <span class='ocrx_word' id='word_1_251' title='bbox 815 2453 911 2480; x_wconf 84' lang='lat' dir='ltr'><strong>eum</strong></span> <span class='ocrx_word' id='word_1_252' title='bbox 936 2445 1195 2480; x_wconf 80' lang='lat' dir='ltr'><strong>tentamenta</strong></span> <span class='ocrx_word' id='word_1_253' title='bbox 1215 2428 1480 2488; x_wconf 82' lang='lat' dir='ltr'><strong>desinerent,</strong></span> <span class='ocrx_word' id='word_1_254' title='bbox 1511 2446 1554 2480; x_wconf 84' lang='lat' dir='ltr'><strong>et</strong></span> <span class='ocrx_word' id='word_1_255' title='bbox 1574 2438 1722 2487; x_wconf 68' lang='lat' dir='ltr'><strong>sedare</strong></span> 
     </span>
     <span class='ocr_line' id='line_1_32' title="bbox 348 2508 1722 2567; baseline -0.001 -16"><span class='ocrx_word' id='word_1_256' title='bbox 348 2508 555 2551; x_wconf 88' lang='lat' dir='ltr'><strong>Dominus</strong></span> <span class='ocrx_word' id='word_1_257' title='bbox 589 2510 760 2551; x_wconf 87' lang='lat' dir='ltr'><strong>adversa</strong></span> <span class='ocrx_word' id='word_1_258' title='bbox 789 2510 1033 2567; x_wconf 83' lang='lat' dir='ltr'><strong>dignaretur</strong></span> <span class='ocrx_word' id='word_1_259' title='bbox 1060 2541 1071 2559; x_wconf 89' lang='lat'><strong><em>,</em></strong></span> <span class='ocrx_word' id='word_1_260' title='bbox 1109 2524 1164 2551; x_wconf 88' lang='lat' dir='ltr'><strong>ne</strong></span> <span class='ocrx_word' id='word_1_261' title='bbox 1190 2509 1511 2552; x_wconf 85' lang='lat' dir='ltr'><strong>tribulationum</strong></span> <span class='ocrx_word' id='word_1_262' title='bbox 1539 2508 1722 2567; x_wconf 67' lang='lat' dir='ltr'><strong>procella</strong></span> 
     </span>
     <span class='ocr_line' id='line_1_33' title="bbox 351 2579 1723 2639; baseline 0 -18"><span class='ocrx_word' id='word_1_263' title='bbox 351 2579 394 2622; x_wconf 92' lang='lat' dir='ltr'><strong>in</strong></span> <span class='ocrx_word' id='word_1_264' title='bbox 425 2595 523 2622; x_wconf 88' lang='lat' dir='ltr'><strong>eum</strong></span> <span class='ocrx_word' id='word_1_265' title='bbox 551 2580 712 2623; x_wconf 85' lang='lat' dir='ltr'><strong>saeviret</strong></span> <span class='ocrx_word' id='word_1_266' title='bbox 736 2597 745 2624; x_wconf 91' lang='lat'><strong>:</strong></span> <span class='ocrx_word' id='word_1_267' title='bbox 770 2581 847 2623; x_wconf 86' lang='lat' dir='ltr'><strong>iste</strong></span> <span class='ocrx_word' id='word_1_268' title='bbox 868 2589 1009 2623; x_wconf 81' lang='lat' dir='ltr'><strong>autem</strong></span> <span class='ocrx_word' id='word_1_269' title='bbox 1029 2588 1229 2638; x_wconf 86' lang='lat' dir='ltr'><strong>tanquam</strong></span> <span class='ocrx_word' id='word_1_270' title='bbox 1257 2580 1413 2623; x_wconf 85' lang='lat' dir='ltr'><strong>athleta</strong></span> <span class='ocrx_word' id='word_1_271' title='bbox 1439 2580 1558 2624; x_wconf 83' lang='lat' dir='ltr'><strong>fortis</strong></span> <span class='ocrx_word' id='word_1_272' title='bbox 1582 2588 1626 2624; x_wconf 82' lang='lat' dir='ltr'><strong>et</strong></span> <span class='ocrx_word' id='word_1_273' title='bbox 1644 2584 1723 2639; x_wconf 58' lang='lat' dir='ltr'><strong>pag·</strong></span> 
     </span>
    </p>
   </div>
   <div class='ocr_carea' id='block_1_3' title="bbox 386 2681 1397 2726">
    <p class='ocr_par' dir='ltr' id='par_1_4' title="bbox 386 2681 1397 2726">
     <span class='ocr_line' id='line_1_34' title="bbox 386 2681 1397 2726; baseline 0 -11"><span class='ocrx_word' id='word_1_274' title='bbox 386 2683 399 2705; x_wconf 90' lang='lat'>¹</span> <span class='ocrx_word' id='word_1_275' title='bbox 417 2682 498 2719; x_wconf 76' lang='lat' dir='ltr'><strong>Psal.</strong></span> <span class='ocrx_word' id='word_1_276' title='bbox 515 2694 619 2723; x_wconf 73' lang='lat' dir='ltr'><strong>xnvu,</strong></span> <span class='ocrx_word' id='word_1_277' title='bbox 638 2685 653 2717; x_wconf 46' lang='lat'><strong>*1</strong></span> <span class='ocrx_word' id='word_1_278' title='bbox 663 2694 692 2717; x_wconf 84' lang='lat'><strong>2.</strong></span> <span class='ocrx_word' id='word_1_279' title='bbox 707 2702 747 2710; x_wconf 89' lang='lat'>—</span> <span class='ocrx_word' id='word_1_280' title='bbox 761 2692 776 2708; x_wconf 80' lang='lat'>⁸</span> <span class='ocrx_word' id='word_1_281' title='bbox 798 2683 850 2717; x_wconf 87' lang='lat' dir='ltr'><strong>Id.</strong></span> <span class='ocrx_word' id='word_1_282' title='bbox 865 2694 982 2725; x_wconf 79' lang='lat' dir='ltr'><strong>cxvm,</strong></span> <span class='ocrx_word' id='word_1_283' title='bbox 1002 2683 1055 2726; x_wconf 87' lang='lat'><strong>76.</strong></span> <span class='ocrx_word' id='word_1_284' title='bbox 1072 2702 1111 2709; x_wconf 94' lang='lat'><strong>—-</strong></span> <span class='ocrx_word' id='word_1_285' title='bbox 1126 2685 1140 2708; x_wconf 80' lang='lat'>³</span> <span class='ocrx_word' id='word_1_286' title='bbox 1158 2693 1173 2715; x_wconf 79' lang='lat'>2</span> <span class='ocrx_word' id='word_1_287' title='bbox 1190 2683 1268 2717; x_wconf 83' lang='lat' dir='ltr'><strong>Cor.</strong></span> <span class='ocrx_word' id='word_1_288' title='bbox 1290 2694 1311 2720; x_wconf 88' lang='lat'><strong>1,</strong></span> <span class='ocrx_word' id='word_1_289' title='bbox 1324 2681 1397 2722; x_wconf 73' lang='lat'><strong>4-6.</strong></span> 
     </span>
    </p>
   </div>
  </div>
 </body>
</html>
