1800 3236
350 290 435 337 186
899 305 931 336 s.
972 305 1163 336 amnnosu

349 382 698 434 »incredulitate,
732 382 983 428 inserentur.
1015 375 1169 428 Potens
1197 380 1312 426 enim
1338 390 1403 427 est
1422 382 1537 427 Deus
1559 380 1715 428 iterum

349 473 367 496 »
380 455 565 500 inserere
585 454 700 500 illos*
717 473 729 506 ;
748 473 765 497 »
778 464 827 499 ut
846 456 1207 513 quemadmodum
1228 456 1392 498 deserta
1417 455 1598 515 virgulta
1613 487 1626 506 ,
1655 456 1718 508 ‚ita

347 533 391 570 et
420 525 612 570 homines
639 527 770 570 velut·
788 525 1035 572 caudicibus
1063 526 1317 584 quibusdam
1353 525 1520 570 virtutis
1543 525 1716 575 inserti,

349 598 560 648 bonorum
577 596 737 641 fructus
754 597 915 656 possint
929 596 1039 641 ferre
1057 598 1320 641 meritorum.
1342 596 1529 641 Accuses
1545 612 1720 642 necesse

351 677 416 712 est
430 668 644 715 medicum
660 668 938 720 crudelitatis;
958 669 1054 727 quia
1070 669 1329 728 putrefactas
1347 671 1575 714 vulnerum
1590 668 1721 713 fibras

352 739 463 783 serro
486 740 696 798 putaverit
718 742 972 785 exsecandas
992 757 1004 790 3
1024 740 1122 798 quia
1137 740 1260 783 noxia
1282 749 1325 787 et
1344 740 1557 798 serpentia
1579 741 1722 784 ulcera

352 810 438 869 igni
458 812 684 861 adusserit,
707 827 760 857 ne
780 812 894 856 virus
916 812 957 854 in
986 811 1187 854 ulteriora
1209 819 1478 870 proserperet
1498 825 1509 853 ε
1540 811 1606 854 vol
1625 810 1724 868 quia

353 881 551 940 magister
580 882 836 941 discipulum
867 882 1153 925 verberaverit
1182 882 1492 941 negligentem3
1526 889 1575 924 ut
1605 889 1726 925 metu

352 953 579 997 verberum
607 953 803 997 indueret
832 953 1127 1012 diligentiam?
1157 952 1370 1011 Castigare
1395 953 1512 997 enim
1546 952 1726 997 amantis
1788 943 1792 948 ⁶

353 1030 436 1072 cst,
455 1038 542 1066 non
558 1023 817 1073 execrantis;
843 1032 886 1068 et
906 1024 1001 1067 ideo
1020 1023 1221 1066 honitatis
1237 1031 1318 1072 est,
1338 1038 1424 1067 non
1442 1022 1721 1067 crudelitatis.

355 1095 486 1143 Recte
508 1110 608 1153 ergo
630 1102 673 1138 et
693 1095 902 1139 Dominus
924 1095 1085 1153 ubique
1101 1103 1166 1138 est
1185 1095 1341 1144 bonus,
1365 1102 1408 1138 et
1431 1109 1531 1139 cum
1551 1093 1730 1139 remittit
1766 1098 1773 1102 '

355 1165 528 1224 flagitia,
551 1175 595 1210 et
616 1181 713 1209 cum
735 1175 908 1225 peccata
931 1167 1130 1225 castigat,
1121 1183 1130 1194 ·
1147 1185 1163 1208 α
1177 1165 1364 1225 Castigat
1384 1166 1498 1211 enim
1522 1157 1729 1213 Dominus

358 1255 375 1277 n
388 1251 514 1295 quem
532 1236 712 1295 diligit2.
736 1255 753 1277 »
1755 1227 1757 1230 Α

422 1306 534 1350 VIII.
574 1306 824 1365 Castigatus
838 1315 901 1349 est
925 1306 1052 1353 etiam
1079 1306 1229 1350 David.
1258 1306 1453 1364 Denique
1469 1306 1556 1351 ait:
1571 1306 1658 1350 «Et
1673 1305 1733 1350 sui

360 1395 375 1417 n
389 1376 621 1436 flagellatus
639 1385 723 1422 tota
743 1375 834 1421 (Ιίεθ3
843 1409 851 1420 .
873 1396 887 1417 »
903 1377 987 1422 Sed
1010 1377 1072 1421 vir
1093 1377 1275 1435 sapiens
1298 1377 1371 1435 qui
1387 1377 1595 1423 intellexit
1613 1376 1735 1423 casti-

363 1448 574 1507 gationem
596 1449 710 1495 illam
731 1448 901 1492 Domini
923 1449 1001 1492 sibi
1022 1448 1252 1507 profuisse,
1277 1449 1359 1492 ait:
1376 1467 1392 1489 κ
1409 1449 1656 1497 Bonitatem
1677 1448 1735 1492 fe-

366 1538 383 1560 »
397 1519 488 1563 cisti
508 1535 606 1562 cum
623 1534 744 1563 servo
755 1527 846 1569 tuo,
868 1519 1069 1568 Domine,
1084 1520 1322 1564 secundum
1342 1518 1520 1564 verbum
1544 1527 1666 1564 tuum
1682 1535 1693 1566 ε
1707 1537 1727 1562 ι

369 1590 452 1634 hoc
469 1598 549 1640 est,
569 1590 646 1633 etsi
667 1590 735 1634 illa
757 1590 861 1633 mihi
886 1591 938 1635 ad
959 1598 1127 1648 tempus
1146 1605 1288 1633 amara
1313 1589 1399 1633 visa
1415 1598 1480 1635 est
1498 1589 1735 1648 castigatio,

370 1661 475 1709 mihi
504 1663 737 1707 secundum
762 1677 956 1711 carnem,
988 1661 1092 1704 mihi
1113 1662 1351 1705 secundum
1372 1660 1616 1707 moestitiam
1641 1675 1740 1704 corvu

370 1732 483 1792 poris
500 1739 673 1776 :tamen
689 1734 924 1776 secundum
937 1733 1115 1776 verbum
1128 1742 1251 1775 tuum
1265 1732 1481 1791 castigatio
1496 1732 1565 1777 illa
1576 1731 1740 1780 fructus

372 1804 570 1848 bonitatis
593 1804 744 1848 attulit.
779 1805 897 1848 Illam
926 1804 1033 1858 ,mihi
1064 1804 1386 1863 castigationem
1416 1804 1605 1863 intelligo
1636 1818 1742 1863 pro·-

371 1875 523 1924 fuisse,
551 1875 619 1918 illa
645 1875 919 1933 castigatione
949 1890 1016 1918 me
1050 1890 1070 1917 a
1111 1875 1222 1919 vitiis
1250 1891 1341 1919 esse
1381 1883 1651 1924 revocatum,
1669 1873 1742 1918 illa

378 1946 653 2004 castigatione
679 1961 765 1988 non
794 1946 866 1988 diu
889 1946 1046 2003 aliquid
1073 1946 1115 1989 in
1144 1962 1212 1989 me
1238 1947 1407 1990 licuisse
1435 1946 1631 2003 flagitiis,
1669 1960 1745 2004 per

378 2086 484 2131 nihil
509 2087 650 2131 morti.
678 2087 895 2144 Denique,
911 2105 927 2125 «
945 2086 1162 2145 castigans
1190 2087 1408 2146 castigavit
1429 2103 1499 2133 me
1519 2085 1744 2138 Dominus,

380 2165 452 2200 »ot
482 2157 607 2200 morti
637 2173 722 2200 non
754 2157 925 2201 tradidit
954 2157 1208 2216 me¹⁴‚»ipsc
1232 2158 1443 2217 Propheta
1475 2158 1741 2218 memorarit.

382 2226 618 2285 Castigatur
634 2227 747 2270 enim
765 2229 836 2286 qui
855 2228 1081 2286 recipitur:
1108 2229 1179 2285 qui
1197 2238 1339 2272 autem
1356 2244 1441 2274 non
1462 2229 1746 2288 recipiuntur,

382 2312 468 2341 non
489 2297 767 2357 flagellantur.
788 2317 803 2339 α
820 2299 868 2342 In
895 2299 1111 2344 laboribus
1134 2299 1249 2343 enim
1269 2300 1492 2343 hominum
1517 2315 1604 2344 non
1622 2308 1746 2351 sunt,

382 2386 400 2409 n
412 2376 454 2412 et
469 2383 565 2411 cum
579 2369 821 2412 hominibus
839 2384 923 2413 non
940 2367 1279 2427 flagellabuntur.
1296 2389 1311 2411 »
1326 2371 1512 2428 Ideoque
1523 2386 1650 2430 supra
1667 2372 1747 2415 ait:

394 2455 411 2479 «
434 2438 572 2490 Quam
609 2440 771 2489 bonus,
817 2440 968 2488 lsrael,
1005 2440 1118 2484 Deus
1150 2440 1276 2485 rectis
1307 2440 1646 2500 corde⁵lnE1=go
1667 2442 1752 2489 bn·-

385 2523 465 2553 nus
506 2510 704 2554 omnibus
723 2526 734 2560 ς
772 2511 869 2568 quia
908 2525 1056 2555 omnes
1091 2519 1209 2555 recto
1241 2512 1337 2570 vult.-
1362 2527 1453 2556 esse
1482 2512 1628 2556 corde.
1666 2513 1752 2566 Qui

433 2620 442 2635 ¹
466 2611 561 2648 Rom.
579 2623 624 2653 xx,
648 2613 742 2645 23.-·
755 2624 768 2640 ⁸
786 2614 891 2650 Ilebr.
908 2626 969 2658 xii,
986 2615 1022 2650 6.
1041 2633 1081 2640 —
1099 2617 1113 2641 ³
1132 2614 1214 2649 PsaI.
1234 2625 1336 2657 um,
1356 2615 1405 2656 14.
1423 2634 1463 2642 -
1480 2616 1492 2644 ⁴
1512 2615 1564 2651 ld.
1580 2626 1680 2659 cxvu,
1702 2615 1750 2652 ιδ.

387 2683 428 2693 -
448 2668 462 2690 ⁸
480 2667 531 2701 Id.
555 2678 655 2709 mun,
676 2679 687 2702 ι
709 2674 741 2703 et
754 2670 788 2704 5.
