1800 3236
41 2072 61 2090 0

7 2818 33 2996 &mawesdvu
7 2671 32 2772 5³2³.st

0 608 36 1777 ss‘&5435ssfwtfflfflffifffflfflzwwffffh½w2*⁴-4212}52522}·‹‘÷?3}>45'2Z.
14 590 18 591 ,
0 532 17 560 fi„
15 515 17 517 .
0 482 24 492 ᾗ

463 304 682 351 amsi-no
709 304 755 337 ni
783 304 972 359 namu
1001 307 1144 338 cxvm.
1394 297 1484 358 4⁰7

122 375 323 427 omnibus
342 378 608 428 nudiebatur.
637 384 841 439 Quotidie
863 385 1039 430 auditur
1057 387 1102 430 iu
1122 386 1313 433 Ecclesia
1331 403 1343 432 t
1368 390 1420 434 ab
1441 391 1489 436 il-

121 454 175 498 lis
193 454 315 503 solis,
336 452 422 502 hoc
434 464 525 504 est,
542 455 702 499 Judaeis
721 446 810 500 non
838 457 1032 507 auditur,
1056 457 1130 515 qui
1149 473 1253 502 aure
1275 460 1481 512 audiunt,

121 526 299 569 sednon
317 526 562 570 exaudiunt.
588 527 813 586 Prophetae
835 521 994 571 dicitur
1014 529 1136 573 alteri
1155 544 1168 572 :
1188 546 1207 570 ι
1220 529 1366 575 Exalta
1386 531 1487 574 viri-

119 596 232 640 »bus
250 602 402 640 'vocem
424 596 585 640 tuam'.
611 615 630 638 ι
1145 588 1151 594 ’

179 666 257 710 IX.
292 666 415 710 Anna
442 675 705 711 tamen-non
742 667 955 730 clamabat
976 669 1022 713 iu
1051 671 1183 714 corde
1202 671 1333 721 suo²,
1370 672 1483 717 sicut

119 739 308 796 Moyses,
334 739 411 781 sed
433 739 718 797 loquebatur:
742 739 919 802 fortasse
952 742 1051 799 quia
1078 741 1189 787 filios
1207 744 1450 802 postulabat
1467 777 1480 794 ,

120 809 205 853 hoe
222 815 303 859 est,
328 810 440 853 bona
455 810 630 867 quidem
642 843 654 861 ‚
679 811 754 853 sed
768 808 948 870 privata,
964 825 1052 855 non
1074 813 1263 872 publica,
1284 829 1372 857 non
1392 815 1481 858 cla-

117 880 276 923 mabat.
297 880 383 923 Sed
401 881 500 938 quia
512 895 535 923 a
550 881 736 924 Domino
754 883 1015 941 postulabat,
1035 884 1135 942 quia
1154 885 1340 929 Domino
1360 900 1479 936 eum,

119 951 154 994 si
164 965 292 1009 quem
303 950 551 1010 susciperet,
561 951 768 1005 offerebat
775 987 785 1002 ,
797 953 1052 1011 loquebatur
1060 955 1152 998 Deo
1168 971 1179 998 ε
1191 956 1402 999 clamabat
1411 970 1483 999 au-

116 1027 207 1065 tem
223 1021 413 1086 Moyses,
435 1022 623 1079 quianon
644 1038 723 1081 pro
738 1038 783 1066 se
796 1057 808 1073 ‚
826 1024 902 1067 sed
919 1039 998 1083 pro
1017 1026 1135 1069 omui
1156 1029 1316 1086 populo
1334 1042 1484 1085 preca-

118 1091 259 1144 batur.
279 1092 403 1135 Unde
423 1093 586 1136 dictum
620 1101 685 1136 est
705 1094 744 1136 ei
765 1109 789 1136 a
810 1094 993 1137 Domino
1012 1110 1024 1137 ε
1048 1113 1066 1135 ι
1080 1094 1199 1148 Quid
1218 1096 1399 1140 clamas³
1414 1096 1435 1139 ἓ
1454 1115 1472 1137 ι

119 1162 342 1205 Clamabat
361 1161 515 1206 affectu
532 1163 617 1222 pio,
645 1172 690 1207 et
707 1178 835 1207 sensu
853 1165 1081 1222 profundo,
1099 1174 1142 1209 et
1161 1167 1419 1224 personabat
1435 1167 1480 1210 in

118 1233 252 1282 coelo,
282 1233 500 1277 miraculis
526 1243 676 1294 petens
705 1235 831 1293 digua
862 1235 1131 1286 coelestibus:
1154 1245 1204 1280 ut
1225 1236 1377 1280 mundi
1399 1238 1484 1280 ele·

118 1309 263 1345 menta
282 1311 481 1347 mutaret.
593 1349 624 1356 ζ

124 1427 127 1430 ¹
175 1373 234 1419 X,
266 1373 461 1432 Denique
481 1383 531 1418 ut
546 1375 678 1433 ipsius
703 1375 787 1418 loci
813 1376 969 1419 seriem
993 1390 1290 1421 recenseamus
1315 1392 1327 1420 ε
1354 1378 1482 1422 iusta-

117 1445 193 1488 but
207 1444 391 1494 Pharao,
411 1453 458 1488 et
481 1445 719 1488 innumeris
734 1447 1033 1505 AEgyptiorum
1055 1448 1235 1506 stipatus
1256 1448 1453 1492 curribus
1466 1482 1479 1499 ,

116 1515 300 1573 urgebat
316 1511 519 1560 Hebraeos
534 1525 556 1557 't
578 1515 679 1559 hinc
703 1516 989 1560 circumfusus
1005 1516 1163 1566 hostis,
1186 1516 1285 1561 inde
1300 1517 1485 1562 intersu-

116 1599 214 1627 sum
237 1597 356 1627 mare
373 1586 544 1643 plebem
564 1586 641 1628 Dei
667 1587 889 1630 clauserat.
923 1586 1046 1630 Nulla
1069 1587 1113 1630 iu
1136 1577 1264 1630 arinis
1278 1587 1443 1633 ‚fiducia
1464 1622 1478 1639 ‚
1554 1586 1560 1589 ”

119 1667 214 1715 spes
232 1658 348 1699 nulla
363 1656 407 1699 iu
421 1657 595 1700 viribus.
614 1657 840 1715 Strepebat
857 1660 1154 1701 tautummodo
1170 1660 1343 1716 querela
1356 1660 1480 1703 mise-

114 1727 280 1777 ubilis,
303 1728 419 1785 quod
438 1728 708 1771 commodius
730 1727 810 1770 sibi
830 1728 941 1771 soret
961 1729 1067 1771 dura
1083 1728 1127 1770 in
1150 1728 1334 1789 AEgypto
1354 1731 1480 1773 servi-

92 1798 220 1857 >tutis
239 1811 382 1841 onera
410 1798 581 1848 subire,
607 1813 736 1856 quam
767 1799 922 1842 acerba
947 1798 992 1841 in
1020 1800 1189 1842 deserto
1211 1808 1351 1843 morte
1381 1815 1479 1843 con-

119 1868 258 1911 sumi:
281 1870 453 1926 querela
476 1869 585 1919 nihil
603 1868 788 1932 praesidii
814 1868 1023 1929 offerens,
1044 1870 1281 1927 plurimum
1310 1869 1481 1913 offensae

120 1938 313 1982 afferens.
345 1939 494 1983 Stabat
522 1953 625 1997 ergo
659 1939 827 1997 Moyses
846 1945 1040 1987 moestus,
1070 1940 1303 1988 sollicitus,
1331 1941 1480 1983 anxius

120 2010 265 2068 populi
278 2017 324 2052 et
336 2009 537 2068 periculis
556 2017 601 2051 et
619 2010 820 2066 querelis,
843 2017 1070 2067 expectans
1088 2008 1220 2052 fidem
1240 2010 1480 2053 coelestium

119 2079 425 2138 promissorum
445 2094 456 2121 t
479 2086 524 2122 et
543 2078 696 2122 tacitus
717 2091 863 2121 secum
884 2079 974 2137 ipse
991 2080 1185 2122 volvebat
1198 2094 1282 2137 qua
1300 2081 1477 2123 tandem

119 2151 328 2195 Dominus
347 2164 445 2208 ope,
466 2149 633 2207 iujuriae
653 2150 893 2198 immemor,
915 2164 1083 2193 memor
1096 2151 1257 2208 gratiae,
1276 2151 1480 2194 subveni-

120 2230 210 2265 ret-
229 2222 345 2264 Dicit
369 2223 423 2264 ad
441 2236 541 2263 eum
560 2221 770 2264 Dominus
791 2237 803 2263 :
828 2239 845 2260 ι
861 2221 978 2273 Quid
998 2222 1157 2263 clamas
1177 2222 1230 2263 ad
1250 2221 1350 2263 me?
1369 2239 1387 2262 s
1404 2221 1481 2264 So-

116 2302 227 2337 'num
247 2292 342 2350 ejus
365 2305 453 2335 non
468 2292 611 2341 audio,
633 2306 783 2335 vocem
800 2291 892 2348 ejus
908 2305 1092 2350 agnosco
1117 2306 1129 2333 τ
1153 2291 1368 2336 silentium
1386 2291 1481 2348 ejus

121 2363 242 2422 lego,
270 2364 502 2406 clamorem
525 2362 618 2419 ejus
649 2363 693 2405 in
714 2362 914 2420 operibus
935 2361 1222 2420 deprehendo.
1256 2361 1479 2405 Clamabat

119 2434 320 2492 populus,
341 2441 386 2476 et
409 2446 496 2477 nou
512 2433 763 2476 audiebatur
783 2448 796 2475 ε
813 2433 983 2475 tacebat
998 2432 1180 2490 Moyses,
1209 2440 1253 2475 et
1274 2432 1480 2476 audieba-

121 2510 208 2546 tur.
227 2503 322 2547 Non
341 2505 504 2562 populo
525 2503 690 2548 dietum
711 2510 776 2546 est
793 2517 805 2545 ε
820 2520 839 2542 ι
854 2502 973 2555 Quid
990 2503 1148 2545 clamas
1168 2502 1222 2545 ad
1239 2501 1343 2545 me?
1356 2519 1374 2542 ι
1386 2502 1482 2547 Non

123 2574 238 2618 euim
254 2575 309 2617 ad
321 2574 460 2617 Deum
475 2571 687 2617 clamabat
702 2575 884 2633 populus
904 2606 917 2623 ,
947 2572 1021 2630 qui
1040 2571 1216 2630 injusta,
1237 2578 1282 2617 et
1300 2572 1399 2617 viris
1415 2572 1472 2616 in·

171 2673 183 2690 ¹
204 2665 280 2699 lsai.
293 2675 389 2718 emi,
405 2676 436 2701 ι.
453 2679 494 2692 -—
509 2671 524 2692 ⁸
543 2676 558 2698 ι
576 2665 658 2711 neg.
677 2676 711 2707 ι,
725 2665 775 2699 13.
792 2683 835 2693 -
850 2666 867 2692 ὃ
880 2664 988 2700 ond.
1002 2672 1072 2703 xxv,
1091 2665 1141 2698 15.
