1800 3236
362 327 448 370 338
716 372 719 375 ,
917 342 949 370 s,
989 342 1181 370 Amanosu

357 419 613 478 baptismum
639 418 897 477 poenitentiae
929 418 1084 463 habeat
1117 419 1307 477 aliquam
1333 417 1386 460 de
1417 416 1724 475 suppliciorum

359 490 629 549 susceptione
651 490 932 534 tolerantiam.
963 490 1088 535 Oculi
1114 499 1177 534 est
1199 499 1246 533 ut
1266 488 1459 532 intuendi
1475 487 1615 531 officio
1635 487 1727 532 sun-

358 569 481 620 gatur
500 576 510 604 :
537 569 657 604 tuum
679 569 743 603 est
765 575 915 604 cavere
941 563 1058 618 quod
1081 561 1249 605 videris.

419 631 496 676 111.
526 631 720 689 Denique
733 640 775 674 et
791 633 942 675 oculus
960 632 1202 676 tentationis
1220 631 1396 680 dicitur:
1417 629 1513 688 quia
1529 644 1607 688 per
1625 643 1728 673 ocu-

354 703 443 750 lum
467 717 577 761 saepe
603 711 831 748 tentamur.
858 702 1020 748 Oculus
1041 702 1277 747 meretricis
1304 703 1480 759 laqueus
1501 700 1719 744 amatoris.

355 772 442 816 Sed
466 775 615 817 oculus
645 774 751 817 nihil
781 773 1014 832 delinquit3
1046 775 1228 832 ideoque
1256 772 1484 816 Salvatoris
1517 771 1725 816 sententia

353 845 477 902 plena
489 843 662 902 justitiae
678 852 757 894 est,
773 844 952 899 dicentis
973 861 981 888 :
1001 862 1018 885 α
1038 846 1125 900 Qui
1143 844 1296 888 viderit
1313 844 1532 888 mulierem
1552 843 1605 887 ad
1620 857 1726 886 con-

312 913 323 925 ”
355 915 695 977 penpiscendum
715 932 826 966 eam,
850 916 937 973 jam
960 917 1212 960 adulteravit
1231 932 1325 959 eam
1346 915 1388 958 in
1405 915 1535 959 corde
1557 912 1677 958 suo‘.
1695 931 1714 955 ι

353 987 447 1031 Non
474 988 577 1030 dixit
602 1003 611 1030 :
638 987 723 1040 Qui
746 987 897 1030 viderit
913 987 1153 1038 mulierem,
1178 989 1270 1037 sed,
1287 1006 1302 1028 α
1322 987 1390 1031 Ad
1413 985 1723 1045 concupiscen-

353 1079 368 1101 ιι
384 1061 486 1102 dum
501 1079 517 1100 »
530 1060 697 1103 viderit.
718 1060 902 1103 Oculum
916 1055 1110 1109 absolvit,
1123 1068 1309 1103 mentem
1320 1059 1474 1118 ligavit.
1490 1058 1577 1102 Nec
1591 1057 1719 1101 dixit:

351 1129 726 1174 Adulteraviteam
744 1130 786 1173 in
809 1132 952 1182 oculo,
979 1132 1069 1181 sed,
1105 1150 1121 1170 «
1137 1132 1185 1174 In
1200 1130 1341 1176 corde.
1365 1131 1441 1174 »In
1463 1130 1588 1178 oculo
1609 1129 1722 1174 visus

353 1208 433 1250 est,
455 1200 497 1243 in
516 1202 644 1244 corde
663 1209 901 1260 peccatum.

408 1272 477 1316 IV.
515 1272 676 1316 Oculus
711 1273 824 1316 hoedi
849 1272 922 1336 qui
953 1274 1006 1316 ad
1035 1272 1251 1317 sinistram
1273 1282 1366 1322 est3
1404 1273 1520 1330 quod
1553 1287 1601 1315 ea
1627 1287 1720 1330 quae

350 1344 494 1386 dextra
517 1352 640 1401 sunt,
678 1353 880 1402 peccator
910 1344 1054 1387 videre
1085 1360 1171 1387 non
1197 1344 1341 1402 possit.
1371 1343 1553 1387 Sanctus
1576 1351 1719 1387 autem

351 1414 455 1458 dicit
480 1430 490 1457 ε
507 1433 522 1455 ι(
538 1415 818 1458 Provideham
838 1416 1073 1459 Dominum
1089 1415 1132 1458 in
1154 1424 1391 1474 conspectu
1408 1431 1503 1458 meo
1523 1430 1715 1473 semper3

348 1487 579 1545 »quoniam
603 1502 624 1529 a
649 1486 804 1532 dextris
820 1495 883 1530 est
905 1487 1029 1537 mihi,
1054 1503 1107 1530 ne
1130 1486 1447 1532 commovear2.
1470 1506 1485 1528 n
1519 1487 1572 1530 Et
1586 1487 1711 1530 Petro

347 1566 497 1600 sancto
516 1559 848 1616 apostolofficum
875 1566 961 1601 tota
978 1567 1105 1602 nocte
1122 1559 1229 1602 nihil
1250 1559 1447 1618 cepisset,
1469 1566 1518 1602 ut
1532 1558 1712 1617 legimus

345 1628 390 1674 in
407 1629 649 1688 Evangelio,
670 1644 690 1671 a
709 1628 927 1673 Salvatore
945 1630 1108 1673 dictum
1131 1638 1194 1673 est
1220 1645 1229 1673 ε
1253 1648 1269 1670 «
1290 1630 1409 1676 Mitte
1427 1630 1471 1673 in
1494 1631 1712 1674 dexteram

349 1708 545 1758 »partem
571 1699 726 1758 navigii
746 1698 850 1743 retia
865 1699 894 1743 ⁵.
923 1718 939 1740 n
971 1701 1119 1758 Itaque
1140 1701 1271 1744 fretus
1294 1701 1510 1760 imperatis
1528 1700 1713 1744 coelesti-

346 1770 450 1821 bus,
469 1770 584 1814 misit
607 1771 734 1821 retia,
760 1780 802 1814 et
822 1772 1055 1830 plurimum
1077 1772 1258 1830 piscium
1281 1772 1565 1834 congregavit.
1597 1773 1646 1816 In
1663 1771 1713 1816 si-

345 1844 477 1887 nistra
498 1859 581 1886 nox
606 1851 697 1886 erat
721 1859 731 1886 z
757 1843 801 1886 in
825 1844 996 1888 dextera
1016 1844 1147 1889 divini
1169 1845 1608 1889 sermonisclaritudo
1629 1844 1714 1888 sul·

345 1913 471 1972 gebat
489 1913 655 1958 diurna.

405 1981 456 2026 V.
491 1983 562 2026 Est
584 1992 629 2027 et
649 1985 798 2028 oculus
823 1985 990 2029 vitulae:
1022 1987 1137 2044 quod
1156 2001 1278 2045 aeque
1302 1987 1354 2029 ad
1373 1994 1621 2045 peccatores
1643 2000 1715 2030 re·-

345 2052 502 2104 fertur:
522 2055 619 2112 quia
636 2055 746 2099 sieut
758 2056 846 2115 jugi
859 2058 950 2100 loro
967 2057 1108 2100 vitulae
1120 2057 1339 2101 attrahunt
1351 2057 1608 2115 iniquitates,
1625 2072 1713 2101 non

347 2125 641 2184 dirumpentes
659 2142 797 2185 neque
815 2128 1110 2171 abscindentes
1126 2129 1364 2188 proprium,
1389 2129 1463 2172 sed
1477 2130 1605 2188 longo
1626 2127 1715 2186 ηαξ

348 2195 497 2239 hentes
526 2195 626 2239 func
659 2206 897 2256 peccatum.
936 2199 1148 2243 Indomita
1179 2200 1292 2242 enim
1318 2199 1448 2243 vitula
1476 2214 1570 2242 sero
1598 2213 1714 2242 man·

283 2283 287 2289 ’
346 2267 527 2318 suescit,
557 2276 600 2311 et
627 2270 758 2313 trahit
786 2272 893 2319 lora,
921 2286 1007 2314 non
1034 2270 1236 2329 suscipit3
1266 2270 1363 2329 quia
1397 2270 1624 2330 impatiens
1649 2276 1715 2313 est

348 2338 522 2383 tenendi
550 2354 561 2382 ε
584 2348 625 2382 et
657 2356 742 2400 quo
764 2340 920 2384 diutius
947 2341 1151 2391 traxerit,
1183 2357 1235 2385 eo
1265 2341 1444 2400 amplius
1466 2341 1708 2400 impeditur.

406 2410 474 2455 Vl.
513 2411 675 2455 Oculus
698 2429 867 2471 quoquc
889 2413 1170 2472 generationis
1184 2447 1198 2463 ‚
1220 2421 1292 2456 aut
1313 2413 1406 2456 sons
1430 2411 1713 2471 generationis

349 2481 532 2533 dicitur3
556 2483 654 2541 quia
684 2500 736 2527 ex
761 2485 987 2528 oculorum
1011 2491 1244 2542 conspectu
1267 2493 1340 2527 aut
1367 2484 1479 2527 bona
1496 2517 1508 2535 ,
1533 2491 1607 2528 aut
1637 2485 1714 2527 ad-

347 2566 467 2595 versa
492 2562 765 2611 generantur.
799 2554 950 2600 Vidisti
972 2554 1160 2597 mulieris
1188 2554 1551 2613 pulchritudinem
1568 2586 1580 2604 ‚
1618 2554 1713 2598 lau·

348 2623 455 2667 flasti
479 2624 649 2669 artificis
672 2641 803 2685 opus,
834 2633 1099 2670 venustatem
1129 2634 1319 2669 naturae:
1345 2626 1561 2686 generatio
1584 2623 1709 2678 fidei,

396 2723 404 2739 ¹
428 2702 545 2750 Mauh.
564 2727 597 2757 v,
616 2716 748 2758 28.-2
769 2718 851 2753 Psal.
868 2728 924 2760 xv,
939 2718 974 2752 8.
987 2736 1027 2744 -
1047 2718 1059 2742 ³
1077 2718 1173 2759 joan.
1189 2728 1264 2760 xxi,
1280 2717 1314 2751 6.
