1800 3236
396 293 478 352 174
951 307 984 337 s.
1022 305 1214 338 AMnnosn
1242 313 1244 315 v

393 385 526 430 dium.
563 383 717 430 Subito
742 383 858 430 enim
893 387 1033 430 media
1062 396 1189 431 nocte
1216 393 1339 431 terrae
1367 394 1508 432 motus
1543 387 1679 433 factus
1701 399 1764 434 est

392 456 588 513 grandis:
620 457 678 500 ita
703 465 752 500 ut
772 465 888 500 mota
918 466 1058 502 essent
1093 458 1371 502 fundamenta
1393 458 1576 503 carceris
1592 493 1604 510 ,
1636 461 1764 504 valvae

393 535 568 585 apertae,
585 527 776 570 omnium
799 527 969 571 vincula
991 530 1128 572 soluta
1147 529 1243 572 sint.
1261 519 1393 574 Audis
1403 531 1765 589 quemadmodum

390 597 423 639 si
442 597 594 655 ligatus
610 598 738 641 fueris
753 630 764 647 ‚
789 599 943 655 quibus
967 599 1188 650 manibus,
1213 600 1367 658 quibus
1389 602 1589 660 operibus
1610 602 1700 661 ipse
1723 611 1765 646 te

391 668 526 712 solvas
539 700 549 717 ‚
570 670 934 726 quemadmodum
955 671 1154 715 custodes
1172 671 1426 716 timere-non
1447 672 1614 731 possis?
1631 672 1766 732 Surge

390 737 519 796 igitur
542 741 594 782 ad
618 741 897 797 precandum.
934 741 993 784 Ea
1029 742 1135 785 hora
1164 751 1255 792 est,
1286 758 1370 800 qua
1400 751 1588 787 tentator
1606 758 1764 788 nocere

392 810 634 859 consuevit,
653 819 697 853 et
713 810 902 868 nequitia
925 812 1146 855 consuevit
1167 813 1340 856 irruere.
1368 813 1427 857 Ea
1449 814 1553 857 hora
1572 823 1635 858 est
1649 842 1660 864 ,
1683 829 1765 872 qua

392 883 500 924 solet
521 883 720 924 adversus
736 882 987 925 tentationes
999 899 1145 942 graves
1159 885 1395 943 remedium
1411 885 1555 929 venire
1573 887 1759 930 coeleste.

395 952 707 997 Excubandum
734 953 810 996 tihi
833 962 920 1004 est,
942 969 996 998 ne
1023 970 1106 1013 qua
1137 955 1286 999 fraude
1305 955 1488 999 vinearis
1506 971 1517 999 ι
1537 955 1766 1015 providch—
1795 999 1798 1002 ,

391 1024 493 1066 dum
513 1031 561 1067 ut
579 1039 630 1067 eo
645 1033 837 1084 tempore
849 1040 933 1084 quo
950 1034 1071 1086 potes
1083 1026 1275 1077 vincere,
1291 1042 1559 1086 nequaquam
1569 1027 1766 1072 vincendi

399 1103 567 1154 tempus
587 1095 768 1140 amittas.

401 1169 403 1171 ’
453 1166 499 1210 L.
538 1167 592 1211 Et
630 1169 729 1226 quia
759 1169 995 1214 orationem
1029 1187 1122 1214 esse
1160 1172 1427 1215 subeundam
1465 1170 1605 1215 media
1641 1179 1766 1215 nocte

393 1237 596 1290 diximus,
620 1255 706 1283 non
728 1235 1015 1285 minus-etiam
1045 1244 1097 1286 de
1119 1242 1367 1301 hujusmodi
1389 1242 1494 1286 hora
1517 1243 1601 1287 diei
1622 1243 1767 1286 dicen-

394 1309 497 1352 dum
518 1310 705 1361 videtum
727 1313 938 1355 contraria
955 1312 1069 1356 enim
1091 1313 1175 1356 diei
1198 1329 1280 1356 nox
1298 1322 1373 1356 est.
1403 1313 1518 1366 Quid
1538 1313 1654 1356 enim
1680 1313 1767 1356 luci

397 1395 627 1424 commune
656 1397 756 1424 cum
777 1383 990 1426 tenebris?
1015 1383 1068 1426 Et
1083 1383 1179 1426 ideo
1203 1382 1478 1432 adversa-sibi
1497 1383 1647 1426 eadem
1669 1397 1767 1426 noo-

392 1459 516 1494 turna
553 1461 617 1495 est
642 1454 710 1496 vel
747 1453 910 1497 diurna.
947 1453 1067 1498 Sicut
1093 1454 1208 1498 enim
1238 1454 1379 1497 media
1401 1461 1528 1497 nocte
1551 1453 1764 1512 primitiva

393 1522 691 1580 AEgyptiorum
723 1532 907 1568 tentator
933 1525 1090 1569 occidit
1105 1558 1114 1575 ‚
1138 1534 1181 1569 et
1203 1541 1255 1569 ex
1275 1541 1327 1568 eo
1355 1523 1627 1583 cognoscitur
1647 1525 1763 1582 quod

390 1607 438 1635 ea
454 1594 635 1637 maxime
649 1595 752 1637 hora
774 1604 974 1653 operetur
995 1595 1279 1645 adversarius3
1299 1595 1355 1639 ita
1372 1610 1395 1638 e
1413 1593 1627 1638 contrario
1647 1595 1762 1651 quod

385 1663 622 1705 meridiano
644 1660 836 1722 tempore
856 1666 989 1708 virtus
1012 1666 1163 1708 divinae
1190 1665 1300 1708 lucis
1327 1673 1539 1723 operetur.
1569 1664 1693 1707 Unde
1716 1673 1762 1709 et

387 1731 604 1776 Abraham
635 1734 747 1777 circa
770 1735 996 1778 meridiem
1019 1736 1182 1778 sobrias
1209 1736 1412 1778 tendebat
1433 1733 1635 1777 excubias
1650 1732 1664 1756 ¹
1682 1765 1694 1783 ‚
1715 1742 1780 1778 et-

385 1802 487 1846 boni
516 1804 675 1861 aliquos
701 1806 955 1863 expectabat
989 1815 1191 1857 eventus,
1224 1807 1367 1850 levans
1390 1807 1538 1849 oculos
1559 1804 1683 1856 suos,
1706 1819 1755 1848 ae

382 1872 563 1916 finitima
583 1876 842 1932 perlustrans
857 1908 868 1925 ,
900 1876 1016 1933 quod
1040 1892 1092 1920 eo
1119 1886 1312 1937 tempore
1342 1876 1645 1920 advenientem»
1664 1886 1757 1933 gra-5

382 1944 485 1987 tiam
504 1944 582 1986 sibi
599 1954 820 2001 quaereret.
842 1946 920 1988 Illo
944 1946 1072 2004 igitur
1087 1955 1281 2006 tempore
1304 1962 1403 1990 cum
1427 1946 1593 1990 duobus
1609 1943 1755 2003 Ange-

379 2017 430 2061 lis
451 2016 605 2059 sanctis
617 2016 782 2060 divinus
795 2016 835 2059 ei
849 2017 1002 2076 hospes
1022 2019 1191 2062 advenit
1208 2035 1216 2061 :
1233 2018 1304 2062 illo
1322 2027 1516 2076 tempore
1531 2016 1754 2062 Christum

378 2089 563 2147 suscepit
578 2087 760 2147 hospitio
782 2104 792 2132 :
817 2089 889 2132 illo
914 2097 1109 2148 tempore
1131 2091 1200 2134 illa
1223 2106 1316 2149 quae
1336 2090 1439 2149 legis
1459 2097 1503 2134 ot
1522 2087 1723 2147 intelligis
1733 2117 1752 2138 ‚,

378 2161 591 2204 celebrata
614 2160 815 2219 mysteria
837 2169 948 2204 sunt.
978 2161 1162 2214 Quando
1184 2161 1297 2205 enim
1317 2162 1452 2220 magis
1474 2159 1621 2204 debuit
1640 2157 1750 2202 fide-

364 2233 458 2275 'lem
470 2232 607 2275 virum
621 2232 761 2277 divina
778 2233 1019 2276 illuminare
1035 2233 1257 2292 praesentia
1274 2266 1285 2283 ,
1309 2247 1436 2291 quam
1455 2246 1553 2275 cum
1573 2229 1749 2273 lux‘diei

371 2302 536 2360 plenior
564 2303 822 2362 refulgeret?
861 2304 1095 2362 Meritoque
1125 2303 1253 2347 etiam
1288 2312 1459 2347 sanctus
1491 2300 1653 2365 Joseph
1674 2315 1743 2344 re-

374 2374 506 2431 ceptis
518 2373 734 2425 fratribus‚
749 2383 791 2418 et
813 2373 1015 2418 accersito
1026 2373 1195 2432 juniore
1205 2389 1404 2432 germano
1414 2387 1542 2431 quem
1557 2371 1746 2415 maxime,

372 2445 593 2503 diligebat,
621 2447 799 2490 meridie
830 2446 1035 2490 instaurat
1065 2446 1307 2489 convivium
1329 2444 1360 2489 ².
1387 2445 1489 2488 Erat
1510 2443 1625 2486 enim
1646 2457 1740 2485 me-

371 2515 498 2559 ridies
519 2516 562 2559 in
583 2516 717 2560 sancti
743 2516 905 2575 Joseph
931 2524 1106 2575 pectore
1122 2548 1133 2566 ,
1162 2517 1332 2574 quando
1353 2517 1469 2559 laetas
1492 2515 1638 2573 epulas
1652 2512 1739 2556 sra-

368 2586 504 2631 tribus
525 2588 784 2646 splendentis
795 2588 938 2647 gratiae
954 2586 1250 2639 ministrabat,
1272 2585 1595 2645 suavissimique
1617 2583 1735 2628 eibos

411 2681 426 2728 ξ
442 2679 526 2716 Gen.
552 2691 646 2725 xvm,
664 2691 691 2724 ι,
712 2692 744 2716 2.
759 2699 800 2708 —
814 2690 827 2708 ¹
847 2681 900 2716 1d.
915 2690 1011 2722 xmu,
1032 2679 1083 2716 16.
