1800 3236
366 277 455 339 178
921 290 952 321 s.
992 287 1183 321 Aimnosn

368 371 461 425 Non
488 371 586 414 estis
604 367 708 414 mihi
730 370 954 414 necessarii
968 386 979 418 ;
1009 369 1219 428 particeps
1244 365 1434 425 corporis
1457 363 1615 410 Christi
1632 361 1698 409 'est
1716 394 1728 416 ,

371 458 463 500 quae
494 451 558 486 est
589 441 790 485 Ecclesia.
818 440 907 483 Sed‘
931 440 1003 497 qui
1036 440 1141 482 sciat
1173 437 1288 496 quod
1317 437 1344 480 ii
1367 437 1439 496 qui
1458 437 1657 482 videntur
1689 436 1733 478 in

368 512 557 557 Ecclesia
583 513 761 560 debiles,
788 525 1015 569 pauperes,
1039 509 1353 567 imprudentes,
1375 507 1505 551 ctiam
1531 515 1734 567 peccato*

367 600 434 628 res
457 582 752 627 abundantiori
774 581 992 639 indigeant
1012 581 1257 629 honestate,
1284 588 1328 622 et
1353 579 1516 638 majore
1537 576 1735 637 praesidio

366 655 567 699 fulciendi
589 655 672 697 sint
697 669 706 696 ε
729 652 801 710 qui
824 653 907 695 hoc
930 651 1109 700 noverit,
1135 651 1223 710 ipse
1243 659 1383 709 potest
1409 650 1552 693 dicere
1576 664 1619 691 z«
1639 647 1735 698 Pau·-

368 746 384 768 »
401 726 530 784 ticeps
551 741 628 784 ego
646 740 740 767 sum
758 723 952 766 omnium
976 722 1218 765 timentium
1237 731 1291 765 te.
1319 739 1334 762 n
1350 721 1435 775 Qui
1454 720 1737 780 compatiatur

365 797 500 855 magis
526 795 772 853 hujusmodi
797 795 1042 843 hominibus
1070 808 1198 852 quam
1226 792 1409 836 fastidiat
1427 807 1501 836 eos
1530 806 1540 834 τ
1569 804 1738 850 compa-

326 878 330 887 ‘
368 868 497 910 tiatur
520 866 721 916 infirmis3
746 875 793 909 ut
819 866 923 909 sciat
945 865 1041 923 quia
1066 880 1197 907 unum
1217 879 1370 921 corpus
1390 877 1538 906 omnes
1558 873 1705 905 sumus
1723 889 1736 911 ,

367 946 410 980 et
429 937 633 980 membris
662 937 853 980 membra
876 951 1087 985 connexa3
1111 944 1158 978 ut
1181 936 1359 977 alterum
1387 934 1476 976 sine
1493 935 1740 977 altero-esse

365 1024 451 1052 non
471 1008 603 1067 possit
623 1024 632 1051 :
652 1016 695 1052 et
712 1023 810 1051 cum
829 1009 1008 1051 alterum
1029 1008 1145 1050 dolet
1158 1039 1170 1056 ,
1192 1006 1475 1065 compatiatur
1492 1005 1626 1049 alteri.
1653 1004 1738 1047 Iste

367 1095 467 1137 ergo
484 1088 600 1123 recte
619 1087 761 1138 potest
778 1094 983 1138 usurpare
1005 1078 1133 1136 hujus
1153 1078 1269 1121 vocis
1287 1077 1600 1125 auctoritatem.

427 1150 511 1195 LV.
549 1150 656 1195 Vide
689 1158 831 1193 autem
864 1165 991 1207 quam
1032 1148 1273 1193 verecunde
1307 1147 1518 1207 Propheta
1550 1146 1700 1191 dixerit
1727 1161 1738 1190 τ
1775 1162 1784 1172 ’

382 1240 399 1262 α
413 1223 628 1280 Particeps
649 1237 727 1280 ego
744 1238 837 1265 sum
857 1221 1096 1264 timentium
1111 1229 1166 1264 te.
1196 1240 1212 1262 »
1225 1221 1319 1265 Non
1339 1220 1442 1264 dixit
1463 1219 1737 1269 imitantium,

369 1294 470 1337 sed«
494 1294 778 1344 Timentium3
798 1313 814 1332 »
842 1312 855 1333 α
872 1292 1046 1336 Initium
1062 1292 1177 1335 enim
1200 1291 1414 1351 sapientia:
1429 1299 1493 1334 est
1509 1291 1639 1334 timor
1657 1290 1740 1333 Do·

368 1365 504 1407 »mini
526 1364 555 1407 ι.
585 1383 600 1405 »
614 1365 731 1408 Inter
752 1365 879 1408 rudes
896 1380 939 1407 se
964 1363 1184 1407 constituit
1203 1362 1443 1406 humilitate
1460 1395 1470 1406 .
1497 1377 1596 1406 cum
1621 1369 1738 1405 vete-

368 1451 493 1479 ranos
520 1436 742 1479 devotione
768 1443 998 1495 superaret.
1040 1434 1125 1478 Sed
1159 1443 1300 1478 tamen
1332 1442 1374 1477 et
1399 1433 1550 1477 timere
1575 1424 1742 1476 virtutis

373 1516 436 1550 est
450 1524 462 1556 3
485 1507 582 1565 quia
613 1507 819 1566 scriptum
843 1515 908 1550 est
926 1522 936 1550 ε
953 1524 969 1547 α
990 1505 1156 1551 Timete
1178 1505 1407 1550 Dominum
1425 1518 1573 1548 omnes
1602 1503 1741 1547 sancti
1761 1496 1770 1502 χ

382 1597 399 1620 »
413 1578 505 1636 ejus
527 1577 560 1622 ².
585 1597 602 1619 »

427 1649 534 1695 LVI.
572 1650 658 1694 Sed
678 1665 732 1693 ne
755 1649 966 1706 aliquibus
983 1649 1111 1692 timor
1135 1648 1212 1692 iste
1237 1663 1325 1692 non
1345 1654 1517 1691 sanctus
1541 1647 1744 1692 videatur

378 1721 499 1779 (quia
521 1729 618 1764 sunt
645 1721 718 1778 qui
737 1720 884 1778 ignava
913 1720 1140 1763 formidine
1168 1720 1495 1778 pertimescunt,
1522 1726 1566 1763 et
1597 1718 1749 1763 hebeti

373 1793 739 1851 trepidantmetu)
757 1791 919 1834 addidit
940 1806 949 1833 :
966 1809 981 1830 α
999 1791 1051 1833 Et
1064 1790 1396 1834 custodientium
1408 1791 1610 1835 mandata
1619 1797 1703 1835 tua.
1721 1808 1737 1832 n

375 1864 432 1906 Ut
458 1864 700 1906 ostenderet
731 1877 775 1904 se
806 1861 948 1904 sancti·
967 1861 1131 1904 timoris
1154 1876 1244 1905 esse
1267 1870 1524 1906 consortem.
1555 1862 1642 1905 Aut
1669 1861 1743 1905 sie.

378 1934 522 1977 Potest
544 1932 716 1990 quidem
737 1933 889 1974 timere
915 1933 1044 1975 corde
1065 1933 1263 1983 devotus,
1292 1934 1367 1976 sed
1392 1946 1520 1992 opere
1543 1932 1684 1991 piger;
1703 1938 1751 1975 ut

381 2003 434 2047 sit
452 2002 672 2061 religiosus
687 2002 861 2052 affectu,
886 2003 1044 2046 otiosus
1064 2011 1176 2046 actu.
1202 2003 1296 2047 Non
1317 2012 1462 2047 tamen
1476 2011 1617 2063 potest
1631 2003 1752 2062 piger

384 2089 492 2124 esse,
525 2074 597 2132 qui
618 2075 816 2117 mandata
837 2074 1009 2117 Domini
1033 2075 1232 2118 custodit.
1260 2074 1345 2127 Qui
1365 2090 1465 2137 ergo
1487 2076 1631 2126 timet,
1658 2090 1751 2119 cus-

387 2145 509 2190 todit.
536 2146 646 2203 Ergo
667 2144 760 2203 ejus
782 2153 845 2188 est
869 2145 1107 2195 custodire,
1132 2145 1204 2203 qui
1223 2145 1380 2190 timeat.
1409 2145 1588 2189 Sanctus
1611 2146 1753 2204 itaque

389 2217 472 2260 hoc
504 2216 631 2260 dicit:
667 2232 745 2274 ego
779 2225 920 2259 autem
951 2217 1035 2259 hoc
1065 2215 1170 2259 mihi
1201 2214 1407 2275 usurpare
1433 2230 1519 2260 non
1554 2230 1751 2277 possum:

393 2287 538 2346 quanti
558 2287 671 2330 enim
694 2295 792 2330 sunt
819 2288 891 2346 qui
922 2287 1098 2330 timeant
1127 2288 1282 2338 Deum,
1307 2296 1349 2331 et
1370 2302 1454 2330 non
1485 2287 1566 2331 illis
1588 2302 1756 2347 compa-

397 2359 504 2403 tior?
522 2359 729 2412 Quaerunt
742 2374 884 2418 opem,
908 2367 951 2402 et
966 2358 1078 2401 serre
1098 2359 1196 2401 nolo
1213 2373 1223 2400 z
1243 2358 1530 2402 misericordia
1547 2358 1754 2417 indigent,

394 2441 565 2490 sumptu
590 2446 675 2474 non
700 2430 867 2487 adjuvo·
904 2429 1105 2487 Quisquis
1136 2437 1276 2472 autem
1307 2429 1397 2471 haec
1419 2418 1544 2480 facit,
1569 2428 1657 2488 ipse
1677 2443 1756 2488 po-

395 2513 478 2549 test
498 2503 639 2546 dicere
655 2517 699 2545 se
720 2502 961 2545 timentium
982 2501 1198 2544 Christum
1224 2516 1313 2544 esse
1336 2508 1591 2545 consortem.

451 2573 579 2619 LVII.
611 2590 628 2613 α
650 2573 949 2618 Misericordiae
984 2580 1092 2623 tuae,
1129 2572 1334 2624 Domine,
1369 2573 1493 2631 plena
1520 2579 1583 2618 est
1606 2579 1716 2617 terra
1741 2586 1753 2614 ε

437 2674 451 2712 ¹¹
483 2664 585 2700 Eccli.
614 2675 643 2706 1,
670 2663 719 2697 16.
743 2683 786 2691 -
814 2675 829 2705 ,⁸
857 2664 944 2700 Psul.
975 2674 1101 2706 xuni,
1128 2674 1178 2699 10.
