1800 3236
314 273 399 318 308
862 287 894 314 s.
909 286 911 288 ’
934 285 1126 315 AMBaosu

313 383 440 427 super
457 368 604 411 laevam
628 365 858 425 sapientiae,
876 366 1123 424 utaperiret
1143 381 1293 410 manus
1315 364 1490 424 pauperi
1512 366 1565 408 ad
1580 364 1677 408 sub-

313 438 601 484 veniendum
589 438 737 505 inopi:
767 437 922 495 paratis
945 445 1017 480 aut
1042 436 1253 480 derelictis
1276 437 1380 487 sibi,
1409 451 1495 480 non
1524 436 1677 479 invasis

315 518 440 567 atque
467 507 639 567 diieptis
663 502 816 550 divitiis
841 505 1056 557 uteietur,
1082 523 1174 579 quae
1183 503 1355 566 gloriae
1375 506 1527 564 cupida
1553 506 1677 549 honis

315 595 409 623 eam
435 578 635 637 operibus
668 577 916 634 acquisivit,
941 593 1026 620 non
1049 578 1193 621 inanes
1223 576 1434 620 saecularis
1466 575 1677 635 jactantiae

316 649 539 707 dignitates
559 647 744 690 ambivit.
768 648 859 690 Hoc
875 656 938 690 est
954 647 1067 690 enim
1086 646 1351 707 caput‘suum
1369 681 1379 697 ,
1402 656 1445 690 et
1463 646 1677 705 quoddam

315 734 515 763 sensuum
543 718 777 777 principale
801 734 924 777 supra
955 715 1128 762 manum
1159 719 1415 762 constituere
1446 718 1674 777 saPientiae.

313 792 389 839 Ea,
409 790 757 848 inquam,vanima
778 791 938 833 meritis
957 792 1145 834 aseendit
1162 785 1402 834 albentibus
1423 807 1475 833 ex
1489 791 1569 834 isto
1586 791 1678 834 vitae

313 860 462 918 hujus,
492 869 540 902 ut
568 860 729 903 habent
754 861 967 919 plerique,
1001 863 1191 912 deserto,
1226 863 1278 904 ad
1305 857 1423 905 illum
1455 861 1679 904 florentem

314 946 482 988 semper
497 932 639 973 locum
663 929 939 987 jucunditatis
959 927 1138 974 aeternae.
1167 932 1258 975 Istae
1277 941 1375 975 sunt
1391 932 1565 976 virtutes
1588 948 1679 990 quae

313 1009 356 1044 et
381 1001 424 1043 in
451 1000 583 1043 Esaiae
607 1001 717 1043 libro
749 1001 926 1044 dicunt:
954 1004 969 1040 ἁ
999 1003 1104 1055 Quis
1130 1012 1194 1046 est
1224 1004 1300 1046 iste
1327 998 1399 1061 qui
1431 1004 1600 1047 advenit
1629 1020 1681 1047 ex

315 1071 480 1113 »Edem
496 1103 506 1118 ,
531 1070 664 1112 rubor
691 1071 1040 1115 vestimentorum
1065 1089 1114 1116 ex
1134 1070 1291 1123 Bosor',
1319 1074 1379 1117 sic
1402 1068 1610 1133 pretiosus
1637 1074 1679 1117 in

313 1160 330 1183 n
345 1141 476 1184 stola*
498 1141 547 1184 P»
570 1142 663 1184 lstae
678 1175 688 1191 ,
713 1142 886 1202 inquam
903 1177 914 1193 ,
940 1152 1038 1186 sunt
1059 1139 1152 1201 quae
1176 1145 1386 1188 mirantur
1409 1146 1561 1189 existo
1583 1161 1680 1190 con-

311 1212 478 1270 fragoso
510 1214 818 1270 scopulosoque
841 1216 1007 1256 deserto
1033 1215 1213 1273 aliquam
1241 1218 1468 1260 ascendere
1496 1217 1680 1260 animam

312 1297 437 1340 posse
458 1281 548 1324 sine
576 1297 828 1340 magnorum
852 1285 947 1326 labe
973 1286 1197 1335 vitiorum;
1226 1295 1268 1328 et
1298 1287 1392 1329 ideo
1415 1280 1681 1345 gratulantur

314 1361 554 1411 repertam,
586 1368 679 1410 quae
700 1354 949 1397 vestimenta
975 1355 1226 1399 innocentiae
1250 1358 1450 1400 naturalis
1479 1352 1565 1401 non
1593 1360 1680 1417 pol

312 1423 439 1467 luerit
461 1431 715 1479 attramento
734 1424 981 1483 insipientiae
998 1427 1241 1470 saecularis:
1261 1429 1336 1470 sed
1363 1428 1494 1487 magis
1512 1430 1680 1488 sapien-

313 1494 379 1536 tiae
402 1493 610 1551 spiritalis,
639 1502 681 1536 et
703 1495 844 1552 gratim
868 1494 1053 1538 candore
1074 1497 1302 1540 mundarit.

371 1562 554 1606 XXXV.
592 1527 727 1606 Dicito
734 1579 833 1622 ergo
865 1580 913 1607 ea
947 1566 1085 1609 anima
1110 1567 1197 1624 jam
1230 1583 1398 1618 secura,
1431 1568 1518 1627 jam
1548 1571 1676 1614 laeta:

324 1650 340 1671 «
361 1632 601 1695 Posuerunt
631 1642 877 1691 peccatores
908 1636 1107 1692 laqueum
1137 1638 1241 1680 mihi
1272 1653 1282 1680 ε
1314 1646 1356 1680 et
1388 1640 1440 1681 de
1472 1641 1679 1684 mandatis

312 1702 424 1745 »tuis
446 1718 530 1745 non
555 1703 730 1747 erravi2.
758 1723 773 1743 n
796 1704 930 1762 Digna
953 1721 1033 1748 vox
1055 1707 1330 1765 relinquentis
1353 1709 1435 1752 hoc
1457 1712 1676 1762 saeculum,

311 1788 362 1816 eo
386 1773 501 1831 quod
523 1774 626 1816 retia
644 1776 1003 1832 persequentium,
1024 1786 1067 1819 et
1083 1777 1376 1822 insidiatorum
1395 1782 1566 1838 laqueos
1588 1797 1680 1825 eva·
1700 1830 1704 1834 ,

315 1843 430 1886 serit.
456 1842 551 1886 Vox
577 1844 701 1901 digna
718 1842 972 1903 Martyribus
987 1850 997 1896 ,
1024 1848 1175 1905 quibus
1197 1851 1551 1909 multaaesupplicia
1578 1867 1680 1910 pro-

311 1914 581 1972 ponebantur
594 1947 604 1963 ,
632 1916 764 1958 multa
788 1917 1226 1963 etiamofferebantur
1241 1923 1437 1980 praemia3
1456 1931 1504 1966 ut
1526 1939 1548 1966 a
1567 1940 1680 1967 mar-

313 1984 412 2041 tyrii
435 1984 574 2044 studio
596 1986 662 2027 vel
683 1994 842 2028 terrore
864 2003 1107 2045 poenarum,
1126 1999 1168 2033 et
1186 2006 1302 2034 saevae
1320 1993 1467 2035 mortis
1483 1993 1676 2044 horrore,

312 2057 381 2098 vel
413 2055 685 2113 praemiorum
730 2069 1032 2102 revocarentur
1069 2061 1281 2106 illecebra.
1324 2063 1470 2107 Gravis
1505 2066 1680 2123 laqueus

309 2127 645 2186 proscriptionis,
660 2129 730 2185 qui
749 2145 859 2188 saepe
875 2130 1028 2190 frangit
1044 2142 1211 2176 sanctos
1228 2134 1378 2192 inopiae
1396 2135 1675 2188 deformitate,

313 2211 419 2254 quos
441 2198 588 2240 mortis
610 2199 793 2242 formido
820 2216 905 2243 nen
932 2202 1102 2261 fregerit
1122 2220 1131 2246 :
1152 2206 1328 2263 laqueus
1350 2206 1453 2248 alius
1475 2207 1677 2257 incendii,

311 2268 486 2325 laqueus
510 2271 692 2312 carceris
713 2304 724 2320 ,
751 2271 1026 2330 diuturnique
1049 2275 1245 2333 supplicii
1267 2292 1276 2318 ε
1296 2277 1464 2334 grandis
1485 2279 1676 2335 laqueus,

312 2355 413 2382 cum
446 2340 598 2383 divitiae
632 2343 964 2400 promittuntur,
996 2360 1092 2388 cum
1118 2346 1325 2396 honores,
1360 2363 1457 2390 cum
1485 2349 1678 2392 amicitiae

312 2419 606 2468 tyrannorum.
638 2413 722 2465 Qui
744 2429 843 2472 ergo
864 2415 955 2457 haec
977 2417 1170 2466 evaserit,
1195 2419 1306 2460 etad
1322 2419 1574 2477 martyrium
1589 2435 1678 2477 per-

310 2481 455 2524 venire
485 2482 694 2540 potuerit,
731 2493 846 2527 recte
877 2485 981 2527 dicit
1005 2501 1015 2527 z
1040 2486 1307 2530 «Posuerunt
1342 2497 1588 2547 peccatores
1616 2490 1680 2531 laf-

311 2565 496 2608 oqueum
529 2552 634 2595 mihi
659 2567 668 2594 ε
700 2554 772 2596 sed
798 2569 819 2596 a
845 2562 1016 2598 tuorum
1037 2558 1334 2604 mandatorum
1364 2574 1449 2602 non
1473 2559 1677 2604 declinavi

356 2643 366 2665 ¹
386 2644 461 2678 12³5.
481 2655 571 2683 um,
596 2657 622 2678 ι.
644 2665 681 2671 -
702 2656 713 2672 ²
738 2647 820 2680 Psa‘.
838 2659 957 2687 cwi,
982 2660 1050 2682 110.
