1800 3236
462 279 681 311 sxrosrno
709 279 755 312 ιιι
784 279 973 312 »suum«
1006 282 1150 332 quni.
1395 256 1481 327 465

125 358 354 418 opprobrio
373 358 500 405 Petro
516 376 623 406 crux
635 360 794 420 Christi
806 395 818 413 ,
836 377 929 422 quae
948 371 1114 408 tantum
1123 363 1163 408 ei
1178 364 1321 424 gloriae
1339 369 1456 414 dedit
1466 388 1480 421 ς

125 438 175 476 ut
193 429 368 476 inversis
380 431 597 476 Christum
609 432 837 478 honoraret
856 435 1038 494 vestigiis
1058 452 1069 477 ε
1086 444 1281 481 metuens
1296 453 1367 491 ne,
1385 441 1420 484 si
1435 456 1486 485 ea

125 500 267 560 specie
294 501 522 547 crucifixus
547 511 680 555 esset,
711 519 793 563 qua
825 504 1047 556 Dominus,
1071 505 1287 552 affectasse
1314 510 1486 554 Domini

125 570 303 631 gloriam
325 572 553 621 videretur.
582 574 698 619 Crux
727 590 827 634 ergo
848 576 1125 635 opprobrium
1150 577 1314 636 perfido
1336 595 1348 622 ε
1373 579 1489 625 fideli

127 651 268 690 autom
286 644 445 703 gratia,
469 644 587 689 fideli
598 646 836 705 redemptio
849 680 861 697 ‚
880 646 996 690 fideli
1011 650 1271 692 resurrectio
1284 659 1350 694 est
1362 668 1376 700 ς
1390 652 1490 710 quia

125 727 206 772 pro
226 714 349 762 nobis
369 730 515 774 passus
529 725 594 760 est
619 716 828 761 Dominus
840 734 853 767 ;
876 718 974 776 qnia
996 719 1068 762 illo
1090 734 1167 763 nos
1188 722 1371 765 redemit
1392 738 1491 766 san-

127 784 255 844 guine
268 817 282 835 ‚
304 785 374 830 illa
394 787 449 829 ad
458 786 706 846 paradisum
719 788 1032 832 insurrectione
1051 790 1275 834 revocavit.
1297 791 1385 844 Qui
1399 792 1492 837 haec

128 855 289 907 eredit,
320 858 536 914 quomodo
565 866 703 919 potest
732 858 922 909 turbari,
948 859 1019 903 cui
1048 875 1143 919 spes
1169 861 1288 920 regni
1309 863 1493 907 coelestis

130 925 337 982 assurgit?

126 1042 132 1046 ‚
187 995 329 1040 XXII.
368 996 569 1059 Sequitur
588 1014 731 1043 versus
752 1010 894 1045 sextus
922 1015 967 1044 :c
994 1001 1279 1060 Expectabam
1310 1004 1494 1048 salutare

130 1074 308 1118 nuum,
338 1068 550 1113 Domine:
572 1079 617 1114 et
636 1080 846 1130 praecepta
866 1081 938 1115 tua
963 1071 1045 1115 feci
1070 1071 1102 1115 ¹.
1128 1072 1245 1125 »Qui
1272 1082 1492 1132 expectat,

124 1146 285 1197 sperat.
325 1138 585 1184 Charitatem
616 1157 717 1200 ergo
748 1158 844 1201 spes
873 1142 1078 1201 praecedit
1096 1176 1107 1192 ‚
1141 1143 1333 1200 sequitur
1363 1145 1491 1188 salus.

131 1207 238 1268 Spes
256 1209 384 1268 igitur
391 1211 614 1270 praecurrit
626 1212 827 1255 effectum
841 1229 853 1260 ς
866 1213 963 1256 ideo
975 1212 1047 1270 qui
1065 1209 1303 1272 expectavit
1316 1215 1496 1258 salutem

126 1293 158 1336 ⁸a
170 1278 374 1330 Domino,
386 1291 596 1340 praecepta
614 1282 784 1327 Domini
796 1283 909 1327 fecit.
936 1284 1056 1326 Unde
1074 1292 1118 1326 et
1136 1283 1343 1327 Dominus
1359 1286 1499 1343 appel·

130 1349 194 1395 lat
208 1350 369 1414 amicos
393 1351 437 1395 in
466 1353 718 1412 Evangelio,
750 1370 839 1398 non
871 1369 1038 1404 servos,
1075 1354 1149 1412 qui
1178 1370 1252 1398 sua
1281 1363 1496 1415 praecepta

129 1420 336 1466 fecerunt.
367 1423 455 1476 Qui
483 1423 620 1482 diligit
641 1425 779 1475 enim,
802 1425 904 1469 facit
935 1440 947 1467 :
977 1425 1114 1482 etqui
1144 1425 1315 1476 fecerit,
1343 1427 1498 1470 merito

130 1492 369 1537 dilectionis
387 1495 732 1539 remuneratione
753 1497 936 1539 donatur
956 1495 988 1539 ².

187 1562 352 1607 XXIII.
390 1563 592 1622 Sequitur
619 1581 764 1609 versus
794 1567 997 1625 septimus
1027 1581 1071 1608 :c
1101 1565 1338 1610 Custodivit
1359 1566 1498 1610 anima

127 1651 146 1675 ι
159 1648 255 1677 mea
270 1633 508 1678 testimonia
530 1643 602 1679 tua
626 1651 638 1679 :
658 1644 701 1679 et
723 1636 868 1680 dilexit
888 1652 937 1680 eu
958 1637 1084 1680 nimis
1105 1636 1137 1680 ⁸.
1165 1637 1291 1680 »Plus
1315 1645 1378 1680 est
1405 1637 1497 1681 dili-

127 1719 228 1764 gere
245 1736 257 1756 ,
286 1698 413 1764 quam
443 1706 656 1750 custodire
680 1722 691 1749 ε
715 1715 759 1750 et
779 1722 903 1766 supra
930 1707 1113 1750 diximus
1134 1707 1232 1765 quia
1254 1706 1491 1757 custodire,

129 1774 344 1820 interdum
365 1776 726 1827 necessitatisest,
743 1780 811 1821 vel
830 1777 992 1821 timoris
1010 1794 1019 1821 :
1041 1777 1214 1836 diligere
1229 1810 1242 1828 ,
1260 1777 1490 1822 charitatis.

127 1845 229 1890 Ideo
254 1863 355 1891 cum
380 1848 450 1891 bic
472 1847 643 1892 dixisset
668 1864 711 1891 :c
733 1849 976 1899 Custodivi‚
1000 1868 1016 1889 ι
1031 1849 1215 1907 adjecit,
1241 1866 1257 1888 ι
1281 1849 1416 1891 Dilexi
1435 1866 1480 1899 ς»

127 1927 173 1962 ut
190 1919 381 1974 custodia
404 1920 582 1963 amantis
598 1920 757 1970 fuerit„
771 1935 859 1964 non
880 1920 1080 1965 timentis.
1109 1920 1195 1974 Qui
1220 1920 1399 1963 nimium
1423 1920 1491 1964 di-

124 1988 218 2048 h'git
235 2023 248 2040 ,
264 1989 444 2033 nimium
464 1990 665 2034 custodit.

120 2102 125 2105 .
182 2058 343 2105 XXIV.
378 2060 581 2120 Sequitur
594 2073 740 2104 versus
755 2069 928 2105 octavus
943 2076 955 2104 :
972 2079 988 2099 ι
999 2060 1172 2105 Servavi
1190 2068 1403 2119 praecepta
1415 2068 1489 2104 tua

124 2138 200 2174 »et
230 2123 473 2176 testimonia
502 2140 597 2182 tua3
630 2132 833 2191 quoniam
868 2146 1016 2174 omnes
1048 2132 1124 2174 viae
1151 2145 1256 2174 meae
1291 2139 1390 2173 ante
1415 2138 1485 2180 te,

123 2202 336 2248 »Domine
349 2203 384 2247 ⁴.
408 2203 593 2247 »Beatus
613 2204 687 2261 qui
713 2210 853 2262 potest
874 2202 1017 2246 dicere
1041 2217 1084 2245 τι
1106 2202 1268 2246 Omnes
1281 2201 1364 2244 viae
1380 2215 1485 2244 meae

122 2290 142 2314 ι
154 2282 252 2316 ante
270 2282 314 2317 te
336 2290 347 2315 ε
367 2293 385 2315 ι
397 2274 470 2332 qui
490 2274 598 2317 nolit
618 2274 879 2317 abscondere
899 2288 1046 2315 omnes
1066 2272 1341 2330 cogitationes
1361 2286 1481 2322 suas,

124 2357 271 2403 omnes
306 2352 425 2387 actus
453 2358 581 2387 suos:
606 2344 896 2387 abscondebat
925 2343 1062 2386 Adam
1086 2342 1197 2386 viam
1219 2356 1365 2390 suam,
1383 2341 1483 2384 abs-

123 2413 335 2456 condebat
353 2413 438 2456 Eva
464 2421 559 2472 post
587 2414 775 2472 culpam,
794 2413 1083 2456 abscondebat
1105 2412 1209 2455 Cain
1229 2425 1380 2454 necem
1401 2410 1480 2453 fra-

124 2483 211 2527 tris.
231 2484 280 2534 In
295 2477 449 2533 affectu
468 2484 676 2528 habemus
691 2484 967 2533 abscondere,
988 2498 1075 2526 non
1097 2482 1141 2526 iu
1161 2481 1329 2526 effectu.
1349 2480 1478 2524 Plena

168 2596 179 2611 ι
210 2587 292 2621 rui.
310 2599 424 2629 cxvin,
447 2587 519 2621 166.
540 2605 584 2613 —-
598 2596 612 2614 ·
641 2587 741 2621 Joan.
758 2597 812 2628 xv,
834 2586 884 2626 14.
905 2587 955 2620 15.
978 2602 1019 2612 —
1049 2586 1063 2610 ³
1084 2585 1167 2619 Psal.
1196 2594 1311 2634 cxgm,
1345 2574 1478 2625 167(—

125 2645 139 2670 ὀ
159 2641 246 2676 lbid.
271 2643 342 2676 168.

270 2713 367 2742 un.
1272 2694 1328 2737 30
