1800 3236
394 280 479 331 304
943 287 975 315 s·
1017 285 1207 315 Amnnosn

391 373 443 415 ad
459 354 641 414 mortem
659 366 795 410 fuerat
818 365 1044 424 appetitus,
1066 365 1226 407 diceret
1246 379 1255 406 :
1273 363 1401 408 «Non
1418 363 1522 407 mihi
1539 364 1760 424 contingat

391 441 626 490 »Domino,
647 439 680 482 si
705 439 847 481 fecero
865 436 947 479 hoc
969 435 1147 479 verbum
1162 468 1173 486 ‚
1198 435 1381 486 Domino
1404 450 1524 486 meo,
1544 435 1714 480 Christo
1739 453 1761 480 a

391 532 407 553 »
421 511 592 556 Domini
606 509 784 567 injicere
801 522 976 550 manum
993 521 1134 549 meam
1148 505 1179 548 ¹.
1205 524 1220 547 n
1235 505 1344 548 Cum
1359 505 1567 564 majorem
1584 506 1762 551 haberet

392 598 562 626 causam
591 579 760 624 tuendae
791 577 934 621 salutis
956 593 1067 628 suae,
1093 585 1141 620 ut
1163 576 1377 620 occideret
1407 586 1758 635 persequentem;

391 654 520 696 etiam
547 652 648 694 alios
672 649 744 707 qui
772 649 1009 692 suadebant
1032 648 1205 690 inimico
1234 663 1319 690 non
1351 663 1442 691 esse
1469 649 1731 706 parcendum
1748 683 1759 699 ,

392 717 520 781 quem
541 721 751 765 Dominus
783 719 902 778 juxta
927 719 1182 778 promissum
1212 734 1362 774 suum,
1385 718 1427 761 in
1458 734 1606 763 manus
1633 721 1762 779 ipsius

394 793 653 841 tradidisset,
683 790 734 834 ab
752 790 845 848 ejus
870 789 1052 832 necandi
1074 788 1306 847 cupiditate
1326 790 1564 833 revocabat.
1595 790 1762 835 Christo

394 865 567 909 lucebat
583 863 810 921 Propheta,
836 877 935 904 cum
953 862 1006 903 de
1028 875 1079 903 eo
1101 860 1173 917 qui
1194 859 1324 918 patris
1346 861 1521 904 domum
1544 861 1657 920 turpi
1679 877 1764 906 ma-

395 938 612 979 culaverat
633 934 815 983 incestu,
835 932 907 989 qui
925 931 1055 990 patris
1078 933 1258 974 salutem
1274 931 1598 989 parricidalibus
1614 933 1767 991 praeliis

397 1006 623 1066 appetebat
637 1038 647 1054 ‚
667 1005 760 1063 pius
783 1012 927 1046 tamen
952 1011 1072 1066 pater
1096 1002 1256 1063 diceret
1273 1004 1326 1045 ad
1343 1003 1533 1061 praelium
1550 1003 1767 1062 profectu-

394 1078 475 1120 ris:
493 1095 507 1116 ιι
524 1075 691 1119 Parcite
711 1073 799 1116 filio
823 1088 917 1116 meo
941 1072 1175 1116 Abessalon
1191 1072 1226 1116 ².
1251 1091 1266 1113 1>
1279 1073 1466 1116 Tacehat
1485 1073 1767 1132 improbitatis

370 1150 534 1204 *scelus
560 1162 570 1189 ι
595 1145 760 1205 pietatis
790 1152 933 1187 autem
961 1145 1164 1202 gradum,
1188 1152 1231 1187 et
1256 1151 1411 1186 nomen
1445 1145 1767 1188 necessitudinis

397 1217 647 1277 praei'erebat
661 1233 672 1265 ;
688 1223 735 1258 ut
750 1214 979 1273 pugnaturi
994 1229 1080 1257 non
1100 1214 1384 1257 adversarium
1402 1214 1527 1273 regis,
1544 1215 1619 1258 sed
1634 1213 1767 1258 filium

397 1289 631 1348 cogitantes
654 1287 843 1329 dolorem
867 1286 975 1328 laesae
998 1285 1165 1343 pietatis
1187 1285 1444 1329 inhiberent.
1469 1286 1523 1329 Et
1543 1295 1639 1345 post
1658 1302 1768 1330 mor-

349 1398 352 1399 ?
398 1367 485 1402 tem
508 1358 599 1416 ejus
626 1356 794 1414 operuit
820 1355 971 1398 faciem
995 1370 1137 1406 suam,
1164 1364 1206 1398 et
1231 1370 1336 1398 voce
1356 1371 1506 1416 magna
1530 1357 1764 1407 clamabat,

398 1429 543 1472 dicens
560 1444 569 1470 :
595 1446 611 1467 (ι
628 1426 759 1470 Filius
781 1441 899 1468 mens
922 1424 1154 1468 Abessalon
1167 1458 1178 1475 ,
1202 1424 1312 1468 filius
1327 1442 1447 1469 meus
1465 1425 1495 1469 ³.
1519 1445 1536 1466 >v
1553 1415 1674 1488 Hanc
1691 1442 1767 1470 vo-

399 1515 493 1542 cem
510 1497 720 1556 parricida
731 1512 815 1538 non
826 1496 1005 1538 meruit:
1021 1497 1096 1538 sed
1113 1495 1268 1538 Christi
1280 1495 1562 1554 prophetabat
1572 1496 1760 1555 gratiam.

398 1570 614 1614 Didicerat
635 1567 845 1627 Propheta
864 1567 914 1609 de
940 1566 1107 1610 Christo
1131 1567 1267 1610 bonus
1290 1582 1380 1611 esse
1399 1576 1534 1625 pater,
1558 1568 1766 1626 quibono

398 1642 485 1686 filio
509 1640 734 1684 serviebat.
1740 1696 1742 1698 Ι

459 1711 661 1756 XXVIII.
698 1710 890 1768 Denique
914 1710 1009 1752 ideo
1038 1702 1235 1752 dicebat:
1258 1727 1273 1749 α
1298 1710 1351 1753 Et
1374 1710 1534 1769 judicia
1564 1720 1635 1755 tua
1661 1714 1768 1756 doce

398 1800 521 1833 »me;
542 1802 557 1824 1>
572 1782 670 1840 qnia
690 1781 848 1839 judicia
871 1772 947 1823 D'ei
971 1780 1082 1823 sicut
1105 1781 1280 1838 abyssus
1303 1783 1435 1839 multa
1450 1815 1462 1834 ‚
1486 1792 1528 1826 et
1557 1783 1768 1827 inscruta-

398 1854 500 1896 bilia
519 1853 552 1902 ⁶‚
573 1849 860 1909 ut'Apostolus
878 1850 992 1893 dicit.
1013 1851 1113 1892 Ideo
1134 1865 1218 1892 non
1236 1860 1402 1909 poterat
1418 1867 1483 1902 ea,
1502 1853 1582 1895 nisi
1596 1853 1766 1896 Christo

398 1927 596 1973 docente,
621 1937 903 1982 cognoseere3
931 1922 1028 1979 quia
1055 1937 1162 1964 unus
1181 1922 1381 1980 magister
1403 1923 1596 1966 omnium
1622 1924 1766 1967 Chris—

397 2004 466 2039 tus
487 2002 550 2037 est
565 1994 597 2037 ⁵.
621 2013 636 2034 »
650 1994 749 2036 Haec
773 2001 914 2035 autem
934 1992 1089 2035 Christi
1109 1992 1267 2050 judicia
1284 2001 1405 2043 sunt;
1419 2001 1474 2053 μι
1493 1994 1541 2036 iis
1557 1994 1629 2052 qui
1645 1995 1766 2038 nobis

397 2064 581 2117 insidiati
602 2063 781 2112 suerint,
801 2062 1042 2105 noverimus
1065 2077 1151 2119 non
1174 2063 1310 2105 vicem
1338 2063 1502 2121 injuriae
1528 2066 1766 2123 rependen-

401 2137 515 2185 dam,
537 2136 611 2177 sed
632 2149 709 2192 pro
732 2133 885 2191 injuria
906 2133 1040 2191 magis
1065 2133 1336 2176 deserendam
1362 2134 1553 2192 gratiam.
1574 2135 1766 2194 Denique

396 2204 749 2249 maledicentibus
773 2218 858 2246 non
885 2202 1173 2252 remaledixit,
1198 2204 1485 2261 percutientes
1506 2220 1592 2247 non
1617 2219 1766 2263 reper-

399 2275 558 2319 cussit:
585 2274 658 2317 sed
682 2274 823 2332 magis·
840 2273 967 2315 etiam
983 2271 1217 2322 ,crucifixus
1243 2288 1321 2331 pro
1348 2275 1699 2332 persequentibus
1721 2270 1765 2318 se

399 2347 477 2405 piae
499 2344 809 2388 intercessionis
828 2344 940 2402 apud
955 2343 1122 2386 Patrem
1139 2343 1341 2386 auxilium
1361 2344 1576 2389 deferebat
1592 2345 1760 2389 dicens:

406 2434 423 2456 α
439 2417 580 2466 Pater,
599 2415 764 2459 dimitte
780 2415 860 2458 illis
870 2431 882 2465 ;
902 2400 988 2457 non
1003 2413 1116 2456 enim
1134 2414 1274 2458 sciunt
1290 2415 1392 2472 quid
1406 2415 1569 2460 faciunt
1582 2415 1612 2460 ⁰.
1634 2435 1651 2459 ι
1664 2418 1763 2461 Haec

442 2545 452 2563 ¹
479 2550 487 2570 ι
510 2538 591 2579 Rrg.
612 2549 699 2577 xxiv,
719 2549 749 2581 7.
769 2555 810 2561 —-
837 2547 850 2562 2
873 2548 889 2568 2
913 2537 990 2580 Reg.
1010 2548 1105 2578 xviii,
1123 2540 1155 2573 5.
1180 2557 1220 2564 —
1236 2538 1356 2572 ³1bid.
1374 2538 1489 2585 33·.*‘'
1510 2542 1523 2569 4
1540 2540 1634 2574 Rom.
1650 2551 1695 2581 xi,
1711 2541 1762 2573 53.

395 2611 436 2644 ς-
455 2592 467 2615 ⁵
484 2592 606 2628 Matth.
621 2604 719 2639 ,ιιιιιιι
734 2593 767 2629 8.
785 2610 826 2619 -
840 2593 857 2617 ⁶
875 2593 954 2627 Luc.
967 2603 1066 2633 xxln,
1084 2593 1134 2633 54.
