1800 3236
414 347 636 377 exrosxrm
649 350 653 352 ’
664 345 709 376 m
737 344 927 376 reatum«
959 346 1101 376 cxvm.
1354 338 1437 396 173

25 443 62 474 ‘⁴
87 441 91 447 ·
126 423 324 471 -XLvlss,
356 424 456 470 Haec
483 426 707 485 diligenter
729 426 926 475 intende,
962 425 1207 484 prudenter*
1225 424 1437 485 intellige,

76 496 256 546 sollicite
271 496 468 555 require.
501 497 597 541 Non
627 496 918 556 perfunctorie
939 495 1018 539 ista
1039 495 1258 546 dicuntur,
1277 497 1351 539 sed
1374 498 1443 540 di-

31 603 39 615 ,
75 567 173 612 vina
193 567 271 611 tibi
291 568 491 626 mysteria
514 568 798 612 declarantur.
818 566 1008 611 Praeveni
1022 575 1067 610 et
1084 566 1325 611 tu'insidias
1345 575 1440 611 ten-

77 637 248 686 tatoris.
286 638 472 682 instaura
494 638 612 696 prius
640 639 813 682 coelesto
839 637 1095 680 convivium.
1137 637 1351 680 Indictum
1379 646 1444 680 est

77 707 291 767 jejunium
305 709 399 767 (35)
418 741 430 758 ,
454 724 556 752 cave
575 724 631 752 ne
643 709 849 767 negligas.
875 708 929 751 Et
954 708 987 750 si
1012 716 1054 751 te
1075 707 1208 751 sames
1229 708 1442 766 quotidia-

77 794 181 823 num
202 780 318 839 cogit
331 782 383 824 ad
398 780 625 839 prandium
640 813 653 830 ‚
681 788 754 823 aut
774 779 1101 838 intemperantia
1122 780 1306 824 declinat
1329 780 1443 839 jeju-

11 846 39 905 ΤΞ-’ζ
77 849 221 900 nium3
242 850 561 894 tamen'coelesti
583 849 715 908 magis
733 858 775 893 te
794 858 960 894 servato
977 850 1185 894 convivio.
1201 850 1295 894 Non
1307 852 1443 909 epnlae

77 912 234 979 paratae
264 929 564 979 extorqueant,
597 929 644 964 ut
674 921 856 964 coelestis
885 921 940 964 sis
971 935 1130 964 vacuus
1169 923 1438 966 sacramenti.

76 989 213 1035 Differ
230 991 539 1049 aliquantulum
553 1025 565 1042 ‚
588 1006 675 1034 non
690 993 817 1050 longe
833 990 928 1034 finis
943 999 1007 1035 est
1018 992 1100 1034 diei
1122 1007 1132 1035 ε
1151 991 1237 1035 imo
1251 993 1445 1051 plerique

34 1072 41 1079 ’
78 1069 180 1106 sunt
198 1061 409 1120 ejusmodi
434 1063 553 1113 dies;
577 1071 625 1106 ut
653 1063 794 1106 statim
816 1062 1059 1106 meridianis
1078 1064 1439 1107 horisvadvenien-

80 1134 185 1176 dum
199 1133 306 1176 sitin
322 1132 580 1183 Ecclesiam,
598 1132 823 1176 canendih
830 1133 944 1190 ymni
957 1166 969 1182 ,
993 1134 1246 1177 celebranda
1266 1135 1439 1179 oblatio.

37 1258 44 1264 ¹
79 1204 200 1250 Tunc
211 1205 359 1262 utique
377 1212 548 1263 paratus
564 1204 709 1247 assiste
719 1220 733 1253 ς
752 1212 800 1247 ut
811 1203 994 1262 accipias
1011 1204 1090 1248 tibi
1105 1205 1418 1249 munimentum
1428 1223 1442 1256 3

80 1282 130 1318 ut
146 1281 301 1333 corp'us
327 1275 428 1318 edas
445 1274 616 1319 Domini
632 1273 761 1323 Jesu,
785 1274 829 1317 in
853 1278 938 1332 quo
956 1274 1146 1318 remissio
1168 1283 1446 1333 peccatorum

81 1352 169 1395 est,
204 1345 435 1403 postulatio
468 1345 620 1389 divinae
655 1344 1044 1394 reconciliationis,
1084 1351 1128 1388 et
1168 1346 1448 1404 protectionis

9 1428 45 1447 x
79 1411 262 1460 aeternae.
287 1415 464 1475 Suscipe
485 1423 583 1467 ante
612 1415 845 1459 Dominum
877 1415 1025 1458 Jesum
1053 1424 1136 1459 tuae
1166 1416 1321 1460 mentis
1346 1416 1447 1460 hos-—

81 1486 216 1546 pitio:
237 1487 313 1530 nbi
333 1501 489 1546 corpus
510 1486 603 1544 ejus
619 1519 630 1534 ,
652 1486 712 1529 ibi
738 1486 931 1529 Christus
961 1495 1038 1530 est.
1074 1486 1185 1530 Cum
1216 1487 1448 1545 hospitium

6 1544 38 1586 :³
81 1564 204 1603 tuum
227 1558 491 1601 adversarius
509 1556 658 1600 viderit
672 1565 931 1616 occupatum
947 1558 1129 1600 coelestis
1150 1556 1316 1616 fulgore
1339 1573 1450 1617 prae-

82 1627 227 1670 sentim
239 1659 250 1677 ,
273 1626 509 1685 intelligens
519 1628 663 1670 locum
673 1627 947 1670 tentamentis
963 1627 1049 1670 suis
1069 1627 1344 1671 interclusum
1357 1643 1450 1671 esse

82 1712 161 1757 per
184 1697 420 1748 Christum,
449 1697 583 1756 fugiet
602 1702 653 1741 ac
675 1699 848 1741 recedet
878 1713 889 1740 :
915 1705 959 1740 et
980 1705 1030 1741 tu
1060 1698 1247 1742 mediam
1276 1708 1449 1742 noctem

61 1769 175 1812 *sine
195 1769 280 1813 ulla
305 1768 540 1813 offensione
559 1768 770 1812 transibis.
796 1768 1012 1812 Admonet
1040 1769 1169 1812 etiam
1193 1768 1450 1812 sacrificium

8 1835 48 1894 '525
83 1838 370 1897 vespertinum
391 1871 404 1889 ,
445 1847 494 1882 ut
518 1846 747 1897 ‘nunquam
780 1838 1000 1882 Christum
1037 1838 1315 1883 obliviscaris.
1357 1839 1452 1884 Non

63 1938 66 1939 ν
80 1916 215 1967 ,potes
235 1908 453 1960 oblivisci,
483 1924 585 1952 cum
617 1911 778 1953 lectum
801 1909 1019 1958 ascendis,
1047 1908 1141 1966 ejus
1162 1908 1359 1958 Domini,
1382 1909 1452 1952 cui

89 1977 133 2020 in
149 1988 303 2021 occasu
323 1978 407 2040 diei
427 1993 599 2037 precem
624 1978 785 2022 fuderis
800 2010 813 2028 ,
837 1978 911 2035 qui
933 1977 1194 2021 esurientem
1216 1986 1259 2026 te
1280 1978 1345 2020 sni
1366 1993 1458 2021 cor-

13 2054 46 2103 [ζ’
87 2047 205 2108 poris
223 2048 358 2107 epulis
377 2048 635 2107 expleverit..
650 2047 820 2091 Etenim
851 2048 968 2106 quod
993 2047 1159 2105 vesperi
1182 2047 1455 2104 cogitaveris,

11 2109 44 2181 ζ
91 2117 177 2164 cit'o
192 2134 292 2163 cum
311 2114 591 2177 evigilaveris,
614 2117 1165 2178 recensebis.xExcitabit'te
1190 2117 1280 2176 ipse
1305 2118 1457 2177 Domi-

12 2182 43 2233 ὲ.
91 2202 173 2231 nus
204 2188 329 2232 «Iesus
357 2203 368 2232 ι
393 2187 639 2234 admonebit
659 2197 709 2233 ut
741 2202 913 2248 surgas,
956 2197 1001 2232 et
1035 2194 1086 2232 e'o
1119 2196 1312 2247 tempore
1340 2203 1457 2231 arma

12 2252 41 2301 ᾗ·
93 2259 294 2303 orationis
313 2274 524 2310 assumas,
539 2274 625 2317 quo
646 2261 754 2303 solet
770 2260 989 2315 incursare
1011 2267 1211 2304 tentator.

17 2326 39 2388 sp
155 2330 311 2374 XLIX.
346 2331 468 2374 Unde
486 2345 572 2374 non
595 2329 730 2373 otiose
748 2330 904 2374 Paulus
925 2331 1140 2389 apostolus
1161 2338 1204 2373 et
1219 2329 1326 2392 Silas
1349 2329 1455 2373 trusi

96 2401 141 2445 in
161 2400 435 2460 carcerem',
459 2415 558 2444 cum
587 2400 631 2445 in
651 2415 782 2445 nervo
807 2401 937 2460 'pedes
964 2400 1199 2450 haherent,
1225 2400 1363 2443 media
1393 2408 1459 2443 ta-

15 2475 42 2519 ³}
96 2487 196 2517 men
220 2480 347 2515 nocte
382 2472 612 2531 surgebant
631 2472 787 2516 mentis
811 2472 1011 2530 vestigio,
1049 2472 1283 2516 exorabant
1307 2471 1434 2515 Domi
1454 2496 1457 2499 >

16 2531 46 2597 ἐξ
99 2557 228 2593 num,
252 2551 297 2586 et
320 2542 456 2586 laudis
485 2540 755 2586 sacrificium-
772 2542 1032 2586 deferebant.
1067 2541 1255 2599 Ideoque
1278 2541 1351 2584 ubi
1370 2555 1459 2584 non

16 2597 47 2683 ἐξ
101 2611 235 2657 defuit
249 2612 483 2656 devotionis
497 2611 715 2664 officium,
737 2612 857 2659 affuit
880 2612 1007 2659 etIam
1029 2610 1304 2658 absolutionis
1321 2625 1469 2655 reme-c

151 2712 161 2728 ¹
181 2704 255 2738 Act.
268 2714 338 2746 xvi,
352 2706 406 2745 25,
425 2705 476 2739 ιδ.
