1800 3236
411 295 429 323 1
440 277 496 340 46
963 287 997 315 s.
1033 285 1225 316 ammosa

405 386 504 416 rum
527 384 604 430 per
631 368 767 414 tribus
789 366 972 426 singulas
995 365 1202 408 divideret
1221 362 1455 414 incolatus,
1481 370 1525 406 et
1545 361 1770 412 distribue-

406 450 474 485 ret
493 441 665 500 singulis
685 439 882 483 tribubus
903 436 1161 494 portionem,
1180 435 1342 479 tribum
1356 409 1586 481 Leviticam
1607 432 1772 492 excepit

405 512 520 558 Deus
543 512 720 556 dicens·
751 527 767 549 «
788 507 905 552 Filiis
929 507 1030 550 Levi
1050 522 1135 549 non
1155 507 1235 550 crit
1255 506 1426 565 portio,
1451 520 1589 563 neque
1610 514 1699 551 sors
1727 504 1772 547 in

407 581 577 626 »medio
599 581 778 623 fratrum
798 593 1000 627 suorum;
1026 577 1124 635 quia
1147 577 1352 620 Dominus
1376 577 1490 623 Deus
1506 590 1602 635 pars
1623 586 1772 621 eorum

408 651 538 696 »est¹.
566 670 582 694 1>
613 651 667 694 Et
691 649 804 693 alibi.
845 666 861 688 «
882 649 971 707 Ego
991 648 1199 691 Dominus
1218 648 1356 706 portio
1377 645 1568 693 eorum&
1588 665 1623 690 ι

464 722 516 768 V.
554 723 742 781 Negatur
763 721 828 764 his
850 729 1019 764 terrena
1044 717 1215 773 divisio,
1240 728 1287 763 ut
1309 719 1387 778 ipsi
1404 721 1505 762 dum
1527 718 1773 762 saecularem

406 793 486 838 sibi
501 809 588 837 non
604 793 823 836 vindicant
839 791 1108 851 portionem,
1127 790 1232 834 fiant
1248 790 1429 834 coelestis
1449 788 1688 849 possessio:
1677 787 1774 832 .vel

404 865 489 911 hoc
506 867 643 908 solum
663 857 859 914 noverint
880 862 1098 923 possidere
1114 895 1125 912 ,
1143 862 1228 905 hoc
1245 871 1308 906 est
1324 895 1334 912 ‚
1354 860 1454 914 fidei
1474 869 1518 903 et
1531 857 1772 909 ‚devotionis

406 927 658 996 obsequium
673 953 685 987 ;
700 937 834 979 multo
853 935 1025 978 ditiores
1042 949 1168 992 quam
1186 934 1257 992 qui
1274 926 1583 992 possessionum
1600 942 1772 977 suarum

405 1007 536 1067 spatia
563 1008 701 1066 ampla
730 1005 988 1049 diffundunt.
1024 1005 1350 1058 Quantumlibet
1378 1004 1493 1047 enim
1532 1002 1637 1047 fines
1675 1011 1773 1046 suos

405 1079 656 1128 extendant,
682 1084 725 1120 et
746 1084 860 1119 terra
882 1074 1054 1126 deficit,
1076 1084 1118 1118 ct
1139 1091 1257 1118 mare
1273 1075 1454 1122 includit
1470 1075 1638 1121 insanas
1658 1071 1775 1131 cupi-

405 1139 580 1199 ditates,
605 1156 648 1191 et
669 1149 863 1206 pendunt
882 1147 1038 1189 tributa
1061 1145 1224 1204 majora
1247 1161 1374 1204 quam
1396 1145 1558 1188 fructus
1580 1152 1691 1191 sunt,
1718 1142 1775 1190 At

404 1234 505 1264 vero
529 1220 607 1263 iste
628 1219 735 1262 nihil
750 1218 829 1266 sibi
850 1218 1091 1277 possidens,
1114 1219 1220 1261 nulli
1242 1217 1321 1261 nisi
1344 1218 1435 1261 Deo
1451 1216 1624 1267 militia,
1647 1226 1772 1273 Supra

405 1298 563 1334 terram
587 1289 678 1350 ejus
701 1298 764 1332 est
786 1289 923 1348 portio
941 1322 950 1337 ‚
975 1304 1069 1331 non·
1084 1305 1183 1332 eum
1211 1298 1324 1332 terra
1355 1287 1524 1340 deficit,
1550 1303 1637 1332 non
1666 1286 1774 1333 mari

407 1362 634 1406 clauditur.
659 1361 739 1404 Cui
756 1360 894 1420 portio
911 1360 1025 1404 Deus
1039 1370 1119 1411 est,
1139 1361 1267 1404 totius
1278 1358 1500 1420 >possessor
1514 1368 1578 1405 est
1593 1368 1768 1404 naturae.

404 1433 486 1478 Pro
509 1432 617 1492 agris
633 1432 760 1491 igitur
779 1432 867 1490 ipse
884 1431 963 1474 sibi
985 1431 1083 1475 satis
1100 1441 1184 1482 est,
1205 1432 1366 1476 habens
1383 1433 1545 1476 honum
1566 1431 1771 1482 fructum,

405 1496 480 1564 qui
502 1518 723 1562 nunquam
741 1503 873 1561 possit
892 1503 1031 1561 perire
1050 1519 1060 1544 τ
1085 1519 1161 1561 pro
1183 1504 1380 1547 domibus
1399 1503 1497 1548 satis
1518 1502 1706 1552 est-sibi.
1727 1511 1776 1546 ut

406 1575 460 1620 sit
490 1575 695 1618 habitatio
725 1573 923 1634 Domini,
953 1582 996 1617 et
1031 1576 1239 1632 templum
1267 1575 1366 1624 Dei,
1397 1589 1481 1632 quo
1509 1573 1776 1632 nihilvpotest

406 1661 498 1689 esse
513 1644 752 1704 pretiosius.
770 1643 886 1696 Quid
903 1644 1019 1702 enim
1038 1645 1263 1703 pretiosius
1283 1645 1405 1688 Deo?
1430 1644 1516 1689 Aut
1535 1644 1639 1702 quid
1657 1644 1776 1690 deest

405 1715 445 1758 ei
475 1715 565 1758 viro
596 1714 669 1772 qui
701 1722 840 1772 potest
872 1714 1044 1758 dicere:
1066 1731 1082 1754 ι
1100 1715 1194 1759 Νοη
1225 1715 1445 1774 contingat
1474 1714 1580 1758 mihi
1603 1714 1775 1773 gloriari

406 1784 516 1828 »nisi
538 1784 581 1827 in
599 1799 728 1828 cruce
749 1783 920 1828 Domini
941 1785 1077 1828 nostri
1097 1785 1200 1828 Jesu
1223 1785 1401 1834 Christi,
1422 1801 1497 1844 per
1516 1801 1644 1844 quem
1669 1784 1775 1831 mihi

406 1857 621 1920 »mundus
642 1853 869 1898 crucifixus
893 1863 978 1905 est,
1002 1864 1045 1898 et
1064 1871 1143 1914 ego
1166 1858 1327 1899 mundo
1342 1855 1355 1878 ³
1373 1856 1392 1898 P
1407 1874 1424 1896 »
1447 1856 1541 1913 Non
1570 1863 1710 1915 potest
1731 1855 1775 1899 in

406 1927 491 1988 hoc
518 1926 715 1986 princeps
742 1926 892 1968 mundi
919 1926 1047 1984 hujus
1076 1927 1156 1970 sibi
1180 1922 1449 1970 consortium
1469 1927 1715 1979 vindicare,
1729 1927 1775 1975 in

408 2012 492 2057 quo
516 1997 622 2039 nihil
643 2011 767 2039 suum
788 1995 961 2040 invenit.

467 2066 539 2112 Vl.
577 2067 764 2126 Ideoque
785 2066 993 2110 Dominus
1014 2067 1084 2125 qui
1102 2067 1216 2111 venit
1238 2069 1416 2121 docere,
1440 2078 1489 2113 ut
1508 2068 1630 2115 fieret
1649 2067 1773 2117 nobis

405 2137 520 2184 Deus
542 2138 703 2197 portio,
727 2136 814 2179 ait·
839 2155 854 2177 α
871 2137 996 2182 Venit
1019 2138 1132 2181 enim
1156 2124 1283 2197 hujus
1309 2142 1459 2184 mundi
1481 2141 1773 2200 princeps,et
1755 2184 1760 2189 „

408 2227 425 2251 x
439 2207 482 2251 in
502 2223 571 2251 me
593 2207 753 2252 invonit
774 2207 919 2252 nihil&
944 2226 960 2249 »
987 2209 1222 2268 Meritoque
1246 2226 1323 2253 nos
1345 2211 1577 2255 imitatores
1596 2211 1660 2255 sui
1682 2227 1774 2263 esse

408 2282 554 2343 volens
583 2279 669 2324 ait:
696 2297 713 2319 (ι
730 2279 869 2323 Nolite
898 2281 1114 2339 possidere
1141 2297 1291 2324 aurum
1311 2315 1322 2332 ,
1355 2299 1493 2341 neque
1524 2279 1771 2342 argentum,

407 2367 578 2410 »neque
599 2350 870 2410 pecuniam⁵.
894 2370 910 2392 ι)
936 2353 1056 2396 Unde
1075 2353 1226 2396 Petrus
1249 2354 1475 2399 ostendens
1498 2348 1650 2399 in'Deo
1671 2371 1773 2415 por-

409 2422 570 2466 tionem
590 2421 670 2464 sibi
691 2436 810 2472 esse,
835 2436 921 2465 non
945 2422 988 2465 in
1012 2424 1191 2475 saeculo,
1212 2425 1298 2467 ait·
1333 2442 1349 2465 α
1365 2425 1599 2484 Argentum
1627 2435 1671 2470 et
1696 2441 1772 2471 au-

409 2484 537 2538 »rum
557 2507 644 2537 non
660 2493 824 2544 habeo,
845 2495 919 2537 sed
935 2496 1051 2552 quod
1067 2496 1227 2548 habeo,
1242 2496 1324 2540 hoc
1342 2498 1419 2542 tibi
1435 2500 1510 2543 do:
1530 2499 1579 2543 In
1600 2499 1772 2545 nomine

407 2619 409 2622 >
454 2572 582 2632 ¹Deut·
602 2609 638 2637 x
654 2609 689 2642 9·
707 2616 747 2624 -—
765 2598 898 2633 ’,Νυκτὶ
912 2609 1080 2642 xv111,2.o
1094 2602 1167 2627 -3
1191 2602 1298 2637 Galat.
1317 2614 1361 2642 vx,
1381 2603 1414 2644 4.
1429 2603 1613 2638 -4Joam
1628 2604 1768 2646 ιπηδο.

408 2669 451 2679 --
467 2653 481 2678 δ
496 2652 620 2687 Matth.
629 2661 666 2695 x,
681 2663 716 2698 9.
