1800 3236
391 313 486 369 148v
724 321 740 339 '·
935 322 967 354 s,
1006 320 1198 354 Amnem

387 411 441 454 de
467 407 532 452 sui
553 404 661 450 ruris
683 394 882 463 angustiis
903 418 912 447 ι
943 403 986 446 ἰιι
1007 413 1050 447 to
1071 404 1161 447 Deo
1190 410 1252 447 est
1277 402 1413 462 ampla
1440 401 1670 463 possessio,
1700 400 1750 448 'in

387 495 472 539 quo
490 478 763 522 deambulare
785 490 828 518 se
851 474 977 524 dicit,
1001 474 1084 517 hoc
1101 483 1186 525 est,
1213 475 1305 518 laxa
1325 474 1457 534 spatia
1478 473 1750 531 habitationis

386 551 627 600 inveniens,
662 548 734 606 qui
757 555 911 590 terram
937 546 1118 592 includit
1145 562 1301 597 manu3
1323 547 1383 590 sie
1408 546 1523 590 enim
1542 547 1750 606 scriptum

387 628 451 667 est
471 638 482 666 t
507 641 522 662 (ι
544 621 649 674 Quis
670 635 841 680 mensus
864 627 926 662 est
949 634 1081 661 manu
1103 634 1230 677 aquas
1245 652 1257 670 ,
1281 627 1323 662 et
1348 619 1684 677 coelum'palmo,
1709 626 1753 663 et

388 713 405 735 »
418 694 658 737 universam
675 700 832 734 terram
853 691 995 733 clausa
1017 705 1147 733 manu
1163 689 1175 712 ³
1190 691 1208 733 P
1222 710 1237 730 »
1255 689 1333 733 Cui
1350 691 1536 734 mundus
1551 698 1752 749 angustus

387 773 473 816 est,
498 773 544 808 tu
563 764 602 807 ei
629 764 768 825 ampla
792 771 856 805 est
879 752 1042 820 domus,
1074 761 1273 811 «portio,
1304 758 1458 820 inquit,
1488 750 1582 805 mea
1603 761 1754 806 Domi-

387 852 508 882 »nus.
530 854 546 877 1>
567 835 681 879 Dicit
706 835 790 877 hoe
810 834 981 892 Martyr.
1008 833 1091 892 Ipsi
1114 848 1212 892 ergo
1237 833 1451 884 vivamus,
1473 829 1542 875 cui
1563 832 1672 875 mori
1690 840 1755 877 est

387 907 629 968 gloriosum.
668 905 772 949 Aliis
802 905 939 948 verbis
969 920 1096 962 quam
1118 904 1228 947 bene
1251 903 1355 947 dixit
1378 903 1460 946 hoe
1481 903 1661 953 Paulus,
1683 917 1756 946 os-
1789 931 1794 936 v

387 981 566 1024 tendens
587 979 747 1021 nullam
771 978 930 1021 habere
953 993 997 1020 se
1020 977 1062 1020 in
1088 975 1171 1020 hoc
1204 977 1359 1020 saeculo
1388 975 1654 1035 portionem!
1685 973 1755 1019 Sic

390 1051 505 1096 enim
527 1050 734 1108 scriptum
756 1057 820 1092 est
840 1063 850 1091 :
874 1066 890 1088 «
910 1049 1050 1107 Usque
1077 1048 1130 1091 ad
1156 1048 1268 1091 hanc
1290 1048 1438 1091 horam
1455 1055 1497 1091 et
1518 1045 1727 1091 esurimus
1742 1079 1754 1097 ‚

389 1131 462 1167 »et
494 1122 680 1172 sitimus,
708 1130 751 1164 et
779 1120 883 1163 nudi
906 1135 1079 1170 sumus,
1114 1128 1158 1163 et
1192 1118 1382 1177 colaphis
1410 1119 1683 1177 vapulamus,
1715 1124 1759 1160 et
1787 1155 1790 1158 ,

391 1193 639 1253 »instabiles
659 1207 825 1242 sumus,
851 1199 894 1234 et
913 1191 1158 1234 laboramus
1184 1198 1409 1249 operantes
1436 1186 1634 1232 manibus
1657 1203 1758 1232 nos-

388 1285 405 1308 »
422 1254 845 1312 trisyMaledieimun
870 1270 912 1305 et
933 1262 1227 1306 benedicimus
1249 1278 1259 1305 τ
1284 1261 1623 1321 persecutionem
1647 1261 1758 1320 pati-

389 1340 534 1388 »mur,
555 1344 598 1379 et
612 1334 890 1378 sustinemus:
908 1332 1325 1393 blasphemamur,et
1346 1334 1631 1378 obsecramus.
1645 1332 1760 1377 Tan-
1788 1329 1790 1331 ¹

390 1422 548 1467 »quam
577 1407 857 1450 lustramenta
889 1403 1018 1463 hujus
1051 1405 1201 1449 mundi
1228 1405 1328 1450 facti
1357 1421 1527 1457 sumus,
1566 1403 1759 1449 omnium

387 1485 696 1539 »purgamenta
724 1492 855 1535 usque
879 1476 1063 1522 adhuc'.
1086 1495 1103 1518 ι)

453 1551 570 1611 VIII,
608 1549 804 1592 Fortasse
849 1557 1018 1592 moveat
1060 1549 1176 1607 quod
1214 1557 1546 1609 purgamentum
1586 1563 1631 1592 se
1669 1559 1761 1591 esse

392 1623 507 1668 dixit.
534 1621 630 1666 Non
647 1620 761 1665 enim
779 1628 856 1664 est.
885 1620 970 1663 Sed
986 1620 1069 1663 hoc
1087 1621 1362 1664 saecularibus
1381 1621 1567 1669 videtur,
1594 1618 1666 1678 qui
1686 1631 1763 1678 pu-

389 1702 482 1750 tant
503 1706 713 1736 summam
730 1690 773 1733 in
791 1690 944 1734 divitiis
966 1706 1058 1734 esse
1074 1691 1272 1750 gloriam,
1291 1692 1359 1735 vel
1377 1693 1589 1738 decorem.
1611 1689 1763 1734 Nonne

390 1754 459 1835 isti
494 1763 713 1807 universos
749 1771 1029 1820 purgamenta
1064 1777 1155 1805 esse
1188 1770 1360 1821 putant,
1392 1762 1651 1820 quicumque
1682 1758 1762 1803 illis

390 1839 686 1896 obsequuntur
726 1842 901 1892 propter
935 1833 1124 1885 divitias,
1167 1842 1209 1877 et
1240 1834 1450 1877 mirantur
1482 1848 1554 1877 eos
1590 1839 1764 1892 propter

393 1923 518 1969 opes,
538 1906 691 1949 timent
711 1912 886 1963 propter
908 1904 1166 1964 potentiam,
1185 1906 1360 1949 laudant
1371 1913 1548 1965 propter
1568 1904 1764 1948 nobilita-

396 1977 512 2023 tem?
543 1976 628 2019 Sed
657 1975 749 2018 haec
781 1975 924 2017 omnia
952 1975 1106 2019 Paulus
1136 1975 1388 2019 detrimenta
1414 1975 1547 2035 magis
1587 1974 1765 2035 putabat

397 2065 509 2099 esse,
532 2061 659 2106 quam
678 2046 918 2089 commoda.
934 2046 1134 2105 >Ideoque
1152 2047 1208 2090 ait
1227 2062 1236 2090 :
1262 2065 1279 2087 α
1296 2047 1402 2100 Quae
1419 2047 1524 2090 mihi
1541 2048 1662 2090 lucra
1678 2045 1765 2106 fue-

400 2129 551 2171 arunt,
575 2120 666 2163 haec
688 2118 789 2161 duxi
809 2126 983 2177 propter
1001 2118 1219 2163 Christum
1242 2120 1497 2163 detrimenta
1519 2113 1611 2163 esse
1630 2133 1764 2178 prop-

397 2203 492 2239 »ter
536 2190 795 2234 eminentem
827 2188 1052 2233 scientiam
1095 2190 1252 2234 Christi
1287 2187 1410 2234 Jesu
1435 2189 1763 2241 Domini'mei,

401 2273 605 2327 »propter
625 2276 754 2319 quem
775 2260 967 2304 omnium
992 2261 1295 2306 detrimentum
1318 2278 1465 2322 passus
1487 2278 1602 2314 sum,
1625 2270 1669 2319 et
1687 2277 1767 2306 aes-

399 2339 559 2383 »timor
589 2341 801 2381 stercora,
835 2341 882 2375 ut
916 2332 1133 2390 Christum
1163 2332 1468 2377 lucrifaciam³.
1500 2333 1720 2384 AEstimor,
1738 2351 1755 2374 ιι

402 2407 540 2468 inquit
560 2420 570 2448 τ
595 2418 680 2447 non
701 2411 765 2446 est
784 2403 875 2446 haec
896 2418 1015 2454 mea,
1034 2404 1114 2447 >sed
1141 2404 1276 2447 aliena
1301 2404 1522 2448 sententia.
1546 2404 1769 2464 Frequen-

402 2491 468 2526 ter
490 2477 604 2522 enim
627 2474 860 2517 aestimatur
880 2490 1041 2533 pauper
1066 2475 1136 2518 ille
1169 2474 1408 2519 irridendus
1434 2485 1476 2520 et
1506 2476 1767 2522 execrandus

405 2539 579 2613 propter
617 2546 802 2590 illuviem
835 2547 1038 2597 vestium,
1079 2556 1149 2591 aut
1184 2548 1407 2591 vulnerum
1440 2547 1680 2599 cicatrices,·
1714 2563 1766 2593 eo

409 2622 526 2682 quod
551 2619 595 2662 in
615 2625 728 2660 terra
750 2618 910 2661 nullam
928 2617 1083 2661 habeat
1107 2618 1380 2678 portionem?
1399 2627 1443 2663 6ι
1461 2628 1604 2664 tamen
1628 2619 1767 2679 portio

455 2722 465 2738 ι
486 2712 563 2745 lsai.
579 2719 634 2748 u,
649 2718 755 2743 12.-
773 2718 786 2734 ²
806 2720 818 2742 1
834 2709 916 2744 Cor.
934 2720 980 2752 ιν,
999 2710 1108 2744 n·13.
1125 2727 1165 2737 ——
1184 2711 1198 2736 ³
1212 2710 1330 2755 Philip.
1347 2722 1396 2750 ιιι,
1414 2723 1446 2755 7,
1464 2711 1497 2746 8.
