1800 3236
334 286 394 334 '24
698 314 701 317 .
888 292 918 318 s.
959 287 1149 318 annnosn

335 375 508 435 liquerit
523 388 593 418 me
614 374 691 424 sol,
713 380 756 415 et
777 372 862 428 jam
876 385 962 413 non
975 369 1206 417 intueatur,
1226 382 1311 410 non
1322 368 1695 427 ,requirataegramff

335 445 623 492 Dissimulavit
652 460 673 486 a
691 438 797 490 vme3
831 441 929 499 quia
956 454 1041 481 non
1064 438 1224 481 servavi
1256 439 1454 482 mandata
1479 438 1603 496 ejus:
1628 454 1698 486 re-⁴

338 516 659 564 conciliabitur,
683 528 780 556 eum
812 511 963 554 viderit
983 524 1178 552 meorum
1203 509 1496 568 poenitentiam
1521 510 1699 559 delicto-

337 603 448 630 rum.
475 587 570 630 Nou
587 585 691 628 vidit
711 599 779 625 me
796 583 872 632 sol,
895 584 992 638 quia
1009 596 1094 623 non
1111 580 1253 638 recepi
1275 579 1588 631 advenientem,
1610 596 1699 624 non

339 657 483 716 aperui
506 656 732 702 fenestras,
761 661 808 694 ut
828 654 972 694 lumen
993 651 1088 693 vitae
1111 650 1301 693 intraret.
1335 652 1444 694 Cum
1461 665 1666 709 aperuero
1683 683 1695 701 ,

335 727 590 772 illuminabit
614 727 759 769 oculos
781 739 921 773 meos,
949 722 1020 780 qui
1045 722 1159 766 veuit
1181 731 1227 765 ut
1259 727 1398 766 totum
1417 723 1628 767 mundum
1651 721 1699 768 il-

334 799 576 846 luminaret,
600 805 642 838 et
667 795 836 838 videant
857 794 984 837 etiam
1007 809 1093 836 non
1114 794 1316 836 videntes·
1568 803 1592 841 ᾖ

399 867 454 911 X.
496 867 627 911 «Filii
648 865 794 924 mauis
821 879 925 907 meae
952 871 1250 923 pugnaverunt
1277 864 1475 907 adversus
1503 878 1595 915 me,
1620 878 1702 923 po-

335 945 541 980 »suerunt
564 952 632 979 me
655 935 877 978 custodem
901 935 944 977 in
966 935 1111 977 vineis.
1131 934 1316 978 ¹Vineam
1340 949 1480 978 meam
1503 949 1589 977 non
1610 949 1702 978 cus-

338 1027 354 1049 »
369 1008 542 1051 todivv.
570 1026 585 1047 ι)
616 1007 771 1050 Putant
795 1006 921 1064 aliqui
943 1006 1026 1049 hoc
1051 1005 1102 1049 de
1124 1005 1206 1048 illis
1225 1006 1327 1056 diei,
1349 1005 1420 1064 qui
1438 1004 1705 1064 Synagogam

340 1081 393 1121 ad
413 1078 533 1136 Legis
558 1085 769 1136 praecepta
793 1077 1089 1135 constringunt
1102 1093 1114 1126 ;
1134 1084 1182 1119 ut
1214 1075 1370 1134 Legem
1391 1076 1616 1127 custodiat,
1642 1077 1707 1121 vi·-

335 1165 459 1192 neam
483 1166 601 1192 suam
624 1139 808 1198 tueatur,
832 1164 961 1207 quam
985 1149 1201 1192 custodire
1222 1164 1306 1191 non
1334 1147 1486 1207 potuit.
1513 1147 1706 1206 D‘enique

339 1221 605 1264 custodiebat
628 1229 674 1263 ut
702 1220 862 1263 faceret
885 1235 1008 1270 uvas,
1033 1219 1134 1262 fecit
1160 1228 1302 1262 autem
1329 1219 1484 1277 spinas.
1517 1219 1625 1272 Quae
1650 1219 1707 1263 'sit

335 1291 463 1349 igitur
484 1291 619 1341 vinea,
642 1291 757 1334 venit
771 1291 907 1335 David
923 1290 1140 1343 testificari
1156 1290 1278 1333 nohis
1299 1290 1444 1333 dicens
1462 1305 1472 1332 :
1490 1290 1705 1340 «Vineam

336 1381 353 1401 »
367 1378 418 1420 eir
429 1362 610 1421 AEgypto
624 1363 887 1413 transtulisti,
901 1362 1063 1420 ejecisti
1076 1370 1238 1420 gentes,
1254 1370 1296 1404 et
1309 1362 1506 1420 plantasti
1516 1377 1614 1407 eam
1624 1361 1639 1383 ²
1649 1394 1659 1406 .
1677 1381 1696 1405 ι

335 1435 516 1478 Possunt
533 1443 575 1477 et
596 1433 786 1493 Apostoli
809 1450 899 1478 esse
922 1433 997 1477 filii
1019 1434 1166 1477 matris
1188 1429 1298 1491 ejus,
1323 1433 1396 1491 qui
1413 1448 1512 1479 vere
1533 1433 1704 1493 impug-

338 1514 547 1548 naverunt
562 1505 830 1563 Synagogam
844 1506 1034 1548 dicentes
1050 1520 1059 1547 :
1078 1523 1093 1544 α
1110 1505 1223 1547 Ecce
1240 1504 1531 1547 convertimur
1542 1505 1704 1562 adgen-

336 1573 453 1616 »tes³
480 1591 491 1623 ;
516 1594 544 1625 »⁴
567 1583 609 1618 et
629 1575 871 1618 nationibus
904 1575 1083 1618 verbum
1113 1574 1191 1617 Dei
1217 1574 1426 1616 seminare
1459 1582 1700 1632 coeperunt.

332 1646 513 1689 Possunt
529 1654 572 1688 et
594 1646 815 1707 Prophetae
838 1646 1036 1703 intelligi,
1061 1645 1133 1703 qui
1154 1645 1369 1688 monendo
1391 1646 1704 1693 denuntiando-

334 1730 442 1772 que,
465 1722 511 1757 ut
529 1714 696 1756 vineam
720 1729 839 1757 suam
864 1715 1098 1758 custodiret
1115 1715 1352 1774 Synagoga,
1378 1715 1484 1759 nihil
1505 1715 1702 1775 prosece-

337 1793 448 1827 runt.
468 1784 587 1828 Fecit
605 1785 719 1827 enim
742 1784 880 1843 spinas
904 1785 1188 1843 improbitatis
1202 1820 1213 1836 ,
1243 1803 1335 1845 quae
1357 1787 1525 1842 virtutis
1546 1787 1703 1832 uberes

333 1855 497 1898 fructus
521 1852 684 1898 deferre
705 1856 923 1898 debuerat.
954 1857 1006 1899 Et
1031 1857 1127 1900 ideo
1159 1857 1404 1909 confitetur,
1439 1859 1538 1917 quia
1558 1874 1701 1919 popu-z

333 1927 423 1968 lum
454 1941 578 1967 suum
604 1926 816 1968 custodire
846 1941 932 1968 non
960 1927 1124 1985 potuit3
1157 1928 1395 1986 meritoque
1423 1925 1519 1982 serti
1549 1929 1700 1986 quaerit

332 2002 493 2044 tenere,
512 2010 639 2052 quem
664 2010 762 2038 cum
783 2004 962 2046 teneret,
983 1997 1121 2040 amisit
1141 1999 1312 2042 :multo
1337 1998 1699 2057 dissimiliorejus

332 2081 422 2122 quae
447 2066 584 2108 dicit:
611 2083 626 2105 ι(
649 2066 794 2109 Inveni
817 2082 968 2177 quem»
963 2067 1106 2111 dilexit
1131 2068 1270 2112 anima
1290 2084 1410 2120 mea,
1436 2069 1554 2113 tenui
1575 2085 1692 2121 eum,

332 2143 404 2178 »et
423 2151 509 2178 non
531 2136 767 2193 relinquam
785 2135 908 2178 eum‘⁸
1566 2179 1568 2181 ,

387 2206 463 2248 XI.
490 2206 682 2263 Denique
699 2206 769 2248 illa
786 2206 932 2249 invitat
947 2222 990 2249 m
1007 2207 1180 2250 hortum
1200 2224 1324 2252 suum
1343 2186 1583 2269 Sponsum:
1593 2211 1694 2257 haec

327 2277 402 2319 ubi
442 2286 586 2337 pascat
616 2277 860 2334 requirens,
895 2279 997 2322 dicit
1023 2280 1075 2321 ad
1106 2279 1277 2338 ipsum:
1311 2299 1328 2321 ιι
1348 2282 1565 2326 Annuntia
1579 2284 1703 2329 mihi-

330 2365 346 2387 »
362 2362 487 2405 quem
506 2347 648 2390 dilexit
669 2347 806 2390 anima
823 2349 960 2391 mea⁵.
983 2367 999 2390 »
1024 2348 1110 2392 Cur
1125 2366 1252 2407 quem
1271 2352 1415 2396 dilexit
1437 2354 1576 2397 anima
1596 2369 1691 2398 mea

331 2416 436 2459 dicis
453 2449 465 2466 ,
503 2425 547 2460 et
567 2432 653 2460 non
672 2433 798 2476 quem
820 2417 986 2476 diligit?
1013 2418 1315 2465 Gurdimisisti
1343 2438 1470 2480 quem
1491 2424 1695 2468 tenebas?
1748 2439 1753 2442 “

325 2484 515 2530 Dilexisti
530 2495 698 2545 patrum
718 2487 826 2537 fide,
852 2488 1027 2531 amisisti
1048 2489 1371 2536 incredulitate:
1395 2495 1568 2538 tenebas
1590 2495 1692 2545 cha-

320 2643 336 2673 ,
354 2588 502 2678 1ideam.
511 2601 537 2630 ι,
557 2590 588 2624 5
596 2607 633 2618 υ-
653 2590 773 2629 ·Psal
791 2602 897 2634 mxu,
914 2603 950 2639 9.
967 2609 1010 2618 --
1026 2595 1040 2618 ³
1062 2593 1132 2630 Aet.
1154 2606 1229 2635 xm,
1244 2595 1298 2635 46.
1317 2613 1358 2622 -
1377 2597 1389 2623 ⁴
1408 2579 1505 2640 Cant
1522 2609 1575 2640 ιιι,
1594 2597 1626 2640 4.
1643 2616 1688 2629 -

429 2643 490 2685 ’56
