1800 3236
314 340 398 383 500
822 350 1156 381 ANNOTA'rmNES.

314 431 538 482 detulerit,
564 445 648 489 quo
671 445 794 473 sensu
817 445 901 473 non
927 433 1057 475 semel
1083 432 1165 475 hoc
1189 430 1305 487 verbi
1335 423 1540 490 accipit-ur
1561 434 1674 492 apud

313 504 578 553 Ciceronem.
614 503 666 546 Et
692 503 762 547 hic
796 501 967 560 quidem
1004 503 1162 561 optime
1182 536 1193 553 ‚
1230 503 1292 547 uti
1319 503 1520 548 orationis
1551 506 1676 550 docet

314 591 455 620 series.

674 703 919 733 ANNOTATIO
954 689 1047 749 (29)
1084 705 1177 749 pag,
1224 689 1317 733 138.

376 819 552 864 Saltatio
574 820 685 864 inter
694 818 820 864 'actus
837 820 1048 880 religionis
1065 821 1209 865 habita
1229 830 1292 865 est
1308 819 1395 865 non
1416 823 1553 866 solum
1571 824 1684 882 apud

317 892 517 937 Hebraeos
531 926 542 943 ‚
567 893 844 936 verumetiam
871 892 982 952 apud
1000 893 1189 951 gentiles.
1216 893 1486 951 HinnRomae
1508 894 1608 938 Salii
1618 910 1681 938 ›sa-

315 961 510 1006 cerdotes
541 961 683 1006 Martis
717 972 842 1021 atque
880 963 1087 1007 Herculis.
1127 963 1236 1007 Hinc
1272 964 1384 1008 varia
1415 965 1692 1012 saltationum:

317 1046 472 1091 genera
489 1033 531 1076 in
554 1033 760 1078 honorem
786 1036 964 1078 deorum
992 1034 1180 1078 instituta
1193 1068 1205 1085 ‚
1225 1036 1278 1078 de
1297 1036 1451 1094 quibus
1470 1036 1684 1082 Lucianus

321 1103 365 1146 in
405 1103 477 1147 lib.
506 1109 585 1159 περὶ
609 1109 811 1161 ὸρχήσεωςς
845 1120 1011 1149 necnon
1042 1105 1084 1148 in
1115 1105 1223 1150 libro
1256 1107 1308 1150 de
1339 1107 1576 1165 Orchestra
1596 1109 1688 1153 fuse

319 1173 539 1219 Meursius.

681 1319 927 1350 ΔΝΝοτΑΤιο
964 1306 1057 1366 (30)
1092 1322 1188 1366 pag.
1233 1307 1326 1352 153.

382 1443 482 1497 Post
507 1451 634 1497 verba
657 1486 669 1503 ‚
698 1455 777 1510 qai
810 1453 1045 1500 Christum·
1064 1458 1266 1502 vidimus
1284 1492 1296 1510 ,
1326 1437 1620 1520 subintellige,
1643 1462 1695 1515 in

329 1521 593 1584 Evangelio.
1581 1527 1586 1532 ’

694 1668 938 1701 Annon-1³10
973 1657 1067 1718 (31)
1108 1674 1200 1720 pag.
1245 1662 1339 1705 156.
1619 1627 1629 1646 ι

392 1799 484 1843 Hoc
508 1798 603 1843 loco
634 1798 843 1844 advocati
869 1800 1095 1853 dicuntur,
1121 1804 1193 1862 qui
1225 1803 1386 1850 crimen
1413 1824 1538 1853 suum
1564 1808 1703 1870 palam

336 1871 548 1921 fatentur3
565 1886 663 1914 nam
681 1873 887 1915 advocare
906 1874 1122 1918 interdum
1138 1878 1333 1935 usurpari
1349 1893 1427 1938 pro
1440 1896 1528 1925 rem
1547 1876 1705 1928 saetam

341 1955 569 1999 agnoscere
593 1974 605 1991 ,
647 1951 690 1985 et
737 1942 837 1987 hinc
888 1954 1029 1988 ortum
1076 1948 1248 1991 traxisse
1287 1951 1487 2008 gallicum
1527 1955 1704 2000 verbum

339 2027 530 2063 avouer,
555 2013 758 2071 scriptum
790 2015 973 2073 reperies
995 2017 1037 2059 in
1061 2018 1273 2063 Glossario
1300 2022 1530 2068 doctissimi
1561 2025 1708 2085 cangii

341 2083 394 2124 ad
428 2080 540 2125 idem
573 2083 762 2127 verbum.
806 2085 1016 2129 Caeterum
1047 2088 1120 2131 lib.
1155 2105 1219 2133 xv.
1251 2091 1354 2135 Cod.
1383 2094 1543 2139 Theod.
1579 2097 1640 2141 tit.
1683 2114 1706 2156 7

343 2152 398 2194 de
429 2153 651 2203 Scenicis,
680 2156 760 2213 leg.
794 2171 869 2206 12,
903 2165 1076 2201 cautum
1109 2167 1197 2210 est,
1225 2176 1278 2204 ne
1306 2164 1493 2222 turpium
1515 2181 1711 2224 persona-

344 2237 440 2267 rum
483 2224 669 2282 picturas
707 2225 750 2268 in
792 2227 921 2276 locis,
964 2229 1038 2271 uhi
1069 2241 1374 2276 consecrantur
1407 2235 1711 2294 imperatorum

346 2292 568 2351 imagines,
588 2294 714 2339 liceat
734 2307 951 2341 annotare
963 2316 979 2351 ,·
996 2301 1109 2356 quod
1126 2302 1321 2347 nonnihil
1335 2303 1550 2350 Ambrosii
1568 2309 1712 2363 locum

344 2362 537 2409 illustrat.

704 2499 949 2530 ANNOTATIO
987 2487 1079 2548 (32)
1116 2504 1210 2549 pag.
1255 2491 1349 2535 158.

400 2610 479 2654 Hic
503 2611 706 2655 nimirum
728 2616 865 2673 agitur
883 2617 934 2659 de
956 2616 1027 2660 illo
1050 2619 1122 2675 qui
1139 2620 1380 2677 proximum
1402 2616 1525 2667 su'um
1554 2639 1630 2683 per
1649 2626 1716 2669 in-

338 2678 466 2724 sidias
490 2683 762 2730 interfecerit.
