<?xml version="1.0" encoding="UTF-8"?>
<!DOCTYPE html PUBLIC "-//W3C//DTD XHTML 1.0 Transitional//EN"
    "http://www.w3.org/TR/xhtml1/DTD/xhtml1-transitional.dtd">
<html xmlns="http://www.w3.org/1999/xhtml" xml:lang="en" lang="en">
 <head>
  <title>
</title>
<meta http-equiv="Content-Type" content="text/html;charset=utf-8" />
  <meta name='ocr-system' content='tesseract 3.04.00' />
  <meta name='ocr-capabilities' content='ocr_page ocr_carea ocr_par ocr_line ocrx_word'/>
</head>
<body>
  <div class='ocr_page' id='page_1' title='image "./omniaequaeextant04ambruoft_0144.png"; bbox 0 0 1800 3236; ppageno 0'>
   <div class='ocr_carea' id='block_1_1' title="bbox 364 359 1182 415">
    <p class='ocr_par' dir='ltr' id='par_1_1' title="bbox 364 359 1182 415">
     <span class='ocr_line' id='line_1_1' title="bbox 364 359 1182 415; baseline -0.01 -8"><span class='ocrx_word' id='word_1_1' title='bbox 364 370 388 407; x_wconf 64' lang='lat' dir='ltr'>i</span> <span class='ocrx_word' id='word_1_2' title='bbox 398 359 455 415; x_wconf 76' lang='grc'>34</span> <span class='ocrx_word' id='word_1_3' title='bbox 917 370 950 403; x_wconf 82' lang='grc'>5.</span> <span class='ocrx_word' id='word_1_4' title='bbox 991 367 1182 402; x_wconf 63' lang='lat' dir='ltr'>Amr-osu</span> 
     </span>
    </p>
   </div>
   <div class='ocr_carea' id='block_1_2' title="bbox 362 443 1774 2712">
    <p class='ocr_par' dir='ltr' id='par_1_2' title="bbox 362 443 1774 1076">
     <span class='ocr_line' id='line_1_2' title="bbox 371 443 1774 507; baseline -0.004 -9"><span class='ocrx_word' id='word_1_5' title='bbox 371 455 571 498; x_wconf 82' lang='lat' dir='ltr'>indecora</span> <span class='ocrx_word' id='word_1_6' title='bbox 583 448 854 496; x_wconf 85' lang='lat' dir='ltr'>etinhonesta</span> <span class='ocrx_word' id='word_1_7' title='bbox 882 450 1141 500; x_wconf 77' lang='lat' dir='ltr'><strong>committat,</strong></span> <span class='ocrx_word' id='word_1_8' title='bbox 1161 447 1280 507; x_wconf 81' lang='lat' dir='ltr'>quasi</span> <span class='ocrx_word' id='word_1_9' title='bbox 1305 447 1560 492; x_wconf 87' lang='lat' dir='ltr'>moriturum</span> <span class='ocrx_word' id='word_1_10' title='bbox 1586 443 1726 501; x_wconf 77' lang='lat' dir='ltr'>dolet3</span> <span class='ocrx_word' id='word_1_11' title='bbox 1767 467 1774 474; x_wconf 94' lang='lat'><strong>·</strong></span> 
     </span>
     <span class='ocr_line' id='line_1_3' title="bbox 372 512 1730 585; baseline -0.004 -16"><span class='ocrx_word' id='word_1_12' title='bbox 372 525 489 585; x_wconf 82' lang='lat' dir='ltr'>quasi</span> <span class='ocrx_word' id='word_1_13' title='bbox 513 525 778 584; x_wconf 84' lang='lat' dir='ltr'>desperatum</span> <span class='ocrx_word' id='word_1_14' title='bbox 798 538 818 564; x_wconf 82' lang='lat' dir='ltr'>a</span> <span class='ocrx_word' id='word_1_15' title='bbox 836 521 1011 564; x_wconf 86' lang='lat' dir='ltr'>medicis</span> <span class='ocrx_word' id='word_1_16' title='bbox 1031 520 1268 580; x_wconf 83' lang='lat' dir='ltr'>ingemiscit</span> <span class='ocrx_word' id='word_1_17' title='bbox 1285 535 1294 562; x_wconf 72' lang='grc' dir='ltr'><strong><em>ε</em></strong></span> <span class='ocrx_word' id='word_1_18' title='bbox 1317 528 1365 563; x_wconf 90' lang='lat' dir='ltr'>ut</span> <span class='ocrx_word' id='word_1_19' title='bbox 1381 518 1519 564; x_wconf 85' lang='lat' dir='ltr'>bonus</span> <span class='ocrx_word' id='word_1_20' title='bbox 1534 512 1730 582; x_wconf 69' lang='lat' dir='ltr'>medicus</span> 
     </span>
     <span class='ocr_line' id='line_1_4' title="bbox 369 590 1732 656; baseline -0.004 -17"><span class='ocrx_word' id='word_1_21' title='bbox 369 596 506 656; x_wconf 85' lang='lat' dir='ltr'>prime</span> <span class='ocrx_word' id='word_1_22' title='bbox 528 602 694 644; x_wconf 89' lang='lat' dir='ltr'>monet,</span> <span class='ocrx_word' id='word_1_23' title='bbox 720 592 872 636; x_wconf 83' lang='lat' dir='ltr'>deinde</span> <span class='ocrx_word' id='word_1_24' title='bbox 893 590 1055 635; x_wconf 76' lang='lat' dir='ltr'>etiamsi</span> <span class='ocrx_word' id='word_1_25' title='bbox 1082 590 1222 651; x_wconf 83' lang='lat' dir='ltr'>gravia</span> <span class='ocrx_word' id='word_1_26' title='bbox 1242 591 1449 656; x_wconf 68' lang='lat' dir='ltr'>patiatur,</span> <span class='ocrx_word' id='word_1_27' title='bbox 1473 599 1615 635; x_wconf 83' lang='lat' dir='ltr'>tamen</span> <span class='ocrx_word' id='word_1_28' title='bbox 1644 599 1732 634; x_wconf 85' lang='lat' dir='ltr'>tan-</span> 
     </span>
     <span class='ocr_line' id='line_1_5' title="bbox 367 659 1726 726; baseline -0.005 -16"><span class='ocrx_word' id='word_1_29' title='bbox 367 682 496 726; x_wconf 86' lang='lat' dir='ltr'>quam</span> <span class='ocrx_word' id='word_1_30' title='bbox 514 666 582 708; x_wconf 84' lang='lat' dir='ltr'>ille</span> <span class='ocrx_word' id='word_1_31' title='bbox 599 678 754 723; x_wconf 82' lang='lat' dir='ltr'>aegrum</span> <span class='ocrx_word' id='word_1_32' title='bbox 768 697 779 714; x_wconf 89' lang='lat'><strong><em>,</em></strong></span> <span class='ocrx_word' id='word_1_33' title='bbox 793 662 871 706; x_wconf 89' lang='lat' dir='ltr'>etsi</span> <span class='ocrx_word' id='word_1_34' title='bbox 888 664 1095 712; x_wconf 78' lang='lat' dir='ltr'>caedatur,</span> <span class='ocrx_word' id='word_1_35' title='bbox 1113 661 1313 705; x_wconf 87' lang='lat' dir='ltr'>sustinet:</span> <span class='ocrx_word' id='word_1_36' title='bbox 1333 670 1376 705; x_wconf 86' lang='lat' dir='ltr'>ot</span> <span class='ocrx_word' id='word_1_37' title='bbox 1386 659 1726 716; x_wconf 58' lang='lat' dir='ltr'>Simaledicatur.</span> 
     </span>
     <span class='ocr_line' id='line_1_6' title="bbox 371 731 1732 793; baseline -0.004 -13"><span class='ocrx_word' id='word_1_38' title='bbox 371 753 455 780; x_wconf 86' lang='lat' dir='ltr'>non</span> <span class='ocrx_word' id='word_1_39' title='bbox 479 735 696 793; x_wconf 79' lang='lat' dir='ltr'>relinquit:</span> <span class='ocrx_word' id='word_1_40' title='bbox 713 743 756 778; x_wconf 88' lang='lat' dir='ltr'>et</span> <span class='ocrx_word' id='word_1_41' title='bbox 777 732 983 793; x_wconf 86' lang='lat' dir='ltr'>quidquid</span> <span class='ocrx_word' id='word_1_42' title='bbox 1003 741 1142 792; x_wconf 85' lang='lat' dir='ltr'>potest</span> <span class='ocrx_word' id='word_1_43' title='bbox 1164 733 1385 776; x_wconf 75' lang='lat' dir='ltr'>medicinae</span> <span class='ocrx_word' id='word_1_44' title='bbox 1403 731 1626 787; x_wconf 62' lang='lat' dir='ltr'>adhibere,</span> <span class='ocrx_word' id='word_1_45' title='bbox 1646 747 1732 775; x_wconf 89' lang='lat' dir='ltr'>non</span> 
     </span>
     <span class='ocr_line' id='line_1_7' title="bbox 362 801 1734 866; baseline -0.004 -16"><span class='ocrx_word' id='word_1_46' title='bbox 362 808 555 866; x_wconf 69' lang='lat' dir='ltr'>&#39;denegat</span> <span class='ocrx_word' id='word_1_47' title='bbox 583 822 592 848; x_wconf 73' lang='grc' dir='ltr'><strong><em>ε</em></strong></span> <span class='ocrx_word' id='word_1_48' title='bbox 627 821 706 848; x_wconf 88' lang='lat' dir='ltr'>nec</span> <span class='ocrx_word' id='word_1_49' title='bbox 739 813 941 863; x_wconf 81' lang='lat' dir='ltr'>tanquam</span> <span class='ocrx_word' id='word_1_50' title='bbox 978 812 1273 846; x_wconf 78' lang='lat' dir='ltr'><strong>contumacem</strong></span> <span class='ocrx_word' id='word_1_51' title='bbox 1318 802 1474 846; x_wconf 83' lang='lat' dir='ltr'>deserit</span> <span class='ocrx_word' id='word_1_52' title='bbox 1489 835 1502 852; x_wconf 89' lang='lat'><strong>,</strong></span> <span class='ocrx_word' id='word_1_53' title='bbox 1533 801 1611 849; x_wconf 74' lang='lat' dir='ltr'>sed</span> <span class='ocrx_word' id='word_1_54' title='bbox 1645 810 1734 846; x_wconf 88' lang='lat' dir='ltr'>tan-</span> 
     </span>
     <span class='ocr_line' id='line_1_8' title="bbox 372 871 1730 936; baseline -0.004 -16"><span class='ocrx_word' id='word_1_55' title='bbox 372 893 497 936; x_wconf 88' lang='lat' dir='ltr'>quam</span> <span class='ocrx_word' id='word_1_56' title='bbox 519 877 628 920; x_wconf 87' lang='lat' dir='ltr'>hene</span> <span class='ocrx_word' id='word_1_57' title='bbox 655 878 706 919; x_wconf 86' lang='lat' dir='ltr'>de</span> <span class='ocrx_word' id='word_1_58' title='bbox 729 891 773 918; x_wconf 88' lang='lat' dir='ltr'>se</span> <span class='ocrx_word' id='word_1_59' title='bbox 798 875 996 918; x_wconf 86' lang='lat' dir='ltr'>meritum</span> <span class='ocrx_word' id='word_1_60' title='bbox 1020 873 1136 916; x_wconf 84' lang='lat' dir='ltr'>omni</span> <span class='ocrx_word' id='word_1_61' title='bbox 1155 873 1295 917; x_wconf 84' lang='lat' dir='ltr'>studio</span> <span class='ocrx_word' id='word_1_62' title='bbox 1318 889 1465 916; x_wconf 84' lang='lat' dir='ltr'>sanare</span> <span class='ocrx_word' id='word_1_63' title='bbox 1487 871 1730 924; x_wconf 81' lang='lat' dir='ltr'>contendit,</span> 
     </span>
     <span class='ocr_line' id='line_1_9' title="bbox 375 942 1736 1006; baseline -0.003 -15"><span class='ocrx_word' id='word_1_64' title='bbox 375 963 575 991; x_wconf 82' lang='lat' dir='ltr'>exercens</span> <span class='ocrx_word' id='word_1_65' title='bbox 600 962 686 990; x_wconf 88' lang='lat' dir='ltr'>non</span> <span class='ocrx_word' id='word_1_66' title='bbox 708 947 845 990; x_wconf 88' lang='lat' dir='ltr'>solum</span> <span class='ocrx_word' id='word_1_67' title='bbox 867 946 964 989; x_wconf 80' lang='lat' dir='ltr'>artis</span> <span class='ocrx_word' id='word_1_68' title='bbox 986 945 1208 1004; x_wconf 81' lang='lat' dir='ltr'><strong>peritiam,</strong></span> <span class='ocrx_word' id='word_1_69' title='bbox 1232 945 1307 988; x_wconf 84' lang='lat' dir='ltr'>sed</span> <span class='ocrx_word' id='word_1_70' title='bbox 1325 944 1455 988; x_wconf 82' lang='lat' dir='ltr'>etiam</span> <span class='ocrx_word' id='word_1_71' title='bbox 1480 942 1736 1006; x_wconf 10' lang='lat' dir='ltr'>mentis-*be-</span> 
     </span>
     <span class='ocr_line' id='line_1_10' title="bbox 375 1011 1142 1076; baseline 0.001 -14"><span class='ocrx_word' id='word_1_72' title='bbox 375 1018 637 1076; x_wconf 84' lang='lat' dir='ltr'>nignitatem.</span> <span class='ocrx_word' id='word_1_73' title='bbox 1138 1011 1142 1013; x_wconf 17' lang='grc' dir='ltr'><strong><em>Δ</em></strong></span> 
     </span>
    </p>

    <p class='ocr_par' dir='ltr' id='par_1_3' title="bbox 371 1085 1753 2282">
     <span class='ocr_line' id='line_1_11' title="bbox 429 1085 1737 1149; baseline -0.004 -15"><span class='ocrx_word' id='word_1_74' title='bbox 429 1090 528 1136; x_wconf 91' lang='grc' dir='ltr'>ΧΧ.</span> <span class='ocrx_word' id='word_1_75' title='bbox 555 1090 629 1134; x_wconf 70' lang='lat' dir='ltr'>‘lta</span> <span class='ocrx_word' id='word_1_76' title='bbox 646 1105 745 1149; x_wconf 85' lang='lat' dir='ltr'>ergo</span> <span class='ocrx_word' id='word_1_77' title='bbox 767 1090 892 1133; x_wconf 87' lang='lat' dir='ltr'>etiam</span> <span class='ocrx_word' id='word_1_78' title='bbox 903 1088 1042 1147; x_wconf 87' lang='lat' dir='ltr'>justus</span> <span class='ocrx_word' id='word_1_79' title='bbox 1059 1097 1102 1131; x_wconf 86' lang='lat' dir='ltr'>ot</span> <span class='ocrx_word' id='word_1_80' title='bbox 1119 1094 1218 1131; x_wconf 69' lang='lat' dir='ltr'>eu‘m</span> <span class='ocrx_word' id='word_1_81' title='bbox 1235 1085 1524 1131; x_wconf 82' lang='lat' dir='ltr'>contemnitur</span> <span class='ocrx_word' id='word_1_82' title='bbox 1544 1102 1565 1130; x_wconf 87' lang='lat' dir='ltr'>a</span> <span class='ocrx_word' id='word_1_83' title='bbox 1587 1102 1737 1148; x_wconf 82' lang='lat' dir='ltr'>pecca-</span> 
     </span>
     <span class='ocr_line' id='line_1_12' title="bbox 372 1153 1738 1217; baseline -0.003 -11"><span class='ocrx_word' id='word_1_84' title='bbox 372 1170 467 1206; x_wconf 81' lang='lat' dir='ltr'>tore</span> <span class='ocrx_word' id='word_1_85' title='bbox 482 1195 494 1213; x_wconf 89' lang='lat'><strong><em>,</em></strong></span> <span class='ocrx_word' id='word_1_86' title='bbox 516 1177 601 1204; x_wconf 90' lang='lat' dir='ltr'>non</span> <span class='ocrx_word' id='word_1_87' title='bbox 627 1161 828 1206; x_wconf 81' lang='lat' dir='ltr'>avertitur</span> <span class='ocrx_word' id='word_1_88' title='bbox 852 1177 862 1204; x_wconf 77' lang='grc' dir='ltr'><strong><em>ε</em></strong></span> <span class='ocrx_word' id='word_1_89' title='bbox 886 1170 928 1203; x_wconf 84' lang='lat' dir='ltr'>et</span> <span class='ocrx_word' id='word_1_90' title='bbox 952 1175 1050 1206; x_wconf 88' lang='lat' dir='ltr'>cum</span> <span class='ocrx_word' id='word_1_91' title='bbox 1079 1159 1262 1208; x_wconf 86' lang='lat' dir='ltr'>laeditur,</span> <span class='ocrx_word' id='word_1_92' title='bbox 1294 1157 1447 1201; x_wconf 80' lang='lat' dir='ltr'>furoris</span> <span class='ocrx_word' id='word_1_93' title='bbox 1479 1157 1586 1202; x_wconf 86' lang='lat' dir='ltr'>illud</span> <span class='ocrx_word' id='word_1_94' title='bbox 1604 1153 1738 1217; x_wconf 45' lang='lat' dir='ltr'>*putat</span> 
     </span>
     <span class='ocr_line' id='line_1_13' title="bbox 373 1226 1737 1292; baseline -0.004 -16"><span class='ocrx_word' id='word_1_95' title='bbox 373 1249 464 1276; x_wconf 86' lang='lat' dir='ltr'>esse</span> <span class='ocrx_word' id='word_1_96' title='bbox 478 1267 489 1283; x_wconf 88' lang='lat'>,</span> <span class='ocrx_word' id='word_1_97' title='bbox 508 1248 593 1275; x_wconf 92' lang='lat' dir='ltr'>non</span> <span class='ocrx_word' id='word_1_98' title='bbox 615 1232 895 1292; x_wconf 81' lang='lat' dir='ltr'>improbitatis</span> <span class='ocrx_word' id='word_1_99' title='bbox 908 1250 919 1282; x_wconf 91' lang='lat'>;</span> <span class='ocrx_word' id='word_1_100' title='bbox 943 1231 1162 1290; x_wconf 81' lang='lat' dir='ltr'>magisque</span> <span class='ocrx_word' id='word_1_101' title='bbox 1185 1226 1349 1272; x_wconf 85' lang='lat' dir='ltr'>vulneri</span> <span class='ocrx_word' id='word_1_102' title='bbox 1372 1227 1464 1287; x_wconf 76' lang='lat' dir='ltr'>eJus</span> <span class='ocrx_word' id='word_1_103' title='bbox 1480 1226 1737 1272; x_wconf 72' lang='lat' dir='ltr'>medininam</span> 
     </span>
     <span class='ocr_line' id='line_1_14' title="bbox 373 1297 1739 1360; baseline -0.003 -15"><span class='ocrx_word' id='word_1_104' title='bbox 373 1303 521 1346; x_wconf 81' lang='lat' dir='ltr'>afferre</span> <span class='ocrx_word' id='word_1_105' title='bbox 535 1303 759 1354; x_wconf 79' lang='lat' dir='ltr'>desiderat,</span> <span class='ocrx_word' id='word_1_106' title='bbox 773 1311 815 1346; x_wconf 92' lang='lat' dir='ltr'>et</span> <span class='ocrx_word' id='word_1_107' title='bbox 833 1301 1106 1360; x_wconf 88' lang='lat' dir='ltr'>compatitur,</span> <span class='ocrx_word' id='word_1_108' title='bbox 1122 1309 1164 1344; x_wconf 87' lang='lat' dir='ltr'>et</span> <span class='ocrx_word' id='word_1_109' title='bbox 1177 1300 1291 1343; x_wconf 87' lang='lat' dir='ltr'>dolet</span> <span class='ocrx_word' id='word_1_110' title='bbox 1306 1297 1577 1359; x_wconf 60' lang='lat' dir='ltr'>nonprop²ter</span> <span class='ocrx_word' id='word_1_111' title='bbox 1588 1314 1656 1350; x_wconf 88' lang='lat' dir='ltr'>se,·</span> <span class='ocrx_word' id='word_1_112' title='bbox 1664 1297 1739 1342; x_wconf 89' lang='lat' dir='ltr'>sed</span> 
     </span>
     <span class='ocr_line' id='line_1_15' title="bbox 374 1367 1745 1433; baseline -0.002 -18"><span class='ocrx_word' id='word_1_113' title='bbox 374 1382 549 1433; x_wconf 85' lang='lat' dir='ltr'>propter</span> <span class='ocrx_word' id='word_1_114' title='bbox 568 1374 686 1416; x_wconf 90' lang='lat' dir='ltr'>illum</span> <span class='ocrx_word' id='word_1_115' title='bbox 711 1374 783 1432; x_wconf 89' lang='lat' dir='ltr'>qui</span> <span class='ocrx_word' id='word_1_116' title='bbox 809 1374 1029 1432; x_wconf 85' lang='lat' dir='ltr'>desperato</span> <span class='ocrx_word' id='word_1_117' title='bbox 1049 1372 1214 1415; x_wconf 79' lang='lat' dir='ltr'>laborat</span> <span class='ocrx_word' id='word_1_118' title='bbox 1237 1370 1510 1414; x_wconf 84' lang='lat' dir='ltr'>incommodo</span> <span class='ocrx_word' id='word_1_119' title='bbox 1534 1385 1543 1413; x_wconf 95' lang='lat'><strong>:</strong></span> <span class='ocrx_word' id='word_1_120' title='bbox 1567 1377 1610 1412; x_wconf 88' lang='lat' dir='ltr'>et</span> <span class='ocrx_word' id='word_1_121' title='bbox 1631 1367 1745 1425; x_wconf 31' lang='lat' dir='ltr'>dicit!</span> 
     </span>
     <span class='ocr_line' id='line_1_16' title="bbox 372 1433 1740 1493; baseline -0.003 -5"><span class='ocrx_word' id='word_1_122' title='bbox 372 1445 490 1489; x_wconf 84' lang='lat' dir='ltr'>hunc</span> <span class='ocrx_word' id='word_1_123' title='bbox 516 1461 651 1488; x_wconf 87' lang='lat' dir='ltr'>unum</span> <span class='ocrx_word' id='word_1_124' title='bbox 673 1461 723 1487; x_wconf 87' lang='lat' dir='ltr'>ex</span> <span class='ocrx_word' id='word_1_125' title='bbox 743 1444 943 1488; x_wconf 80' lang='lat' dir='ltr'>fratribus</span> <span class='ocrx_word' id='word_1_126' title='bbox 970 1444 1028 1487; x_wconf 87' lang='lat' dir='ltr'>sic</span> <span class='ocrx_word' id='word_1_127' title='bbox 1049 1443 1265 1493; x_wconf 79' lang='lat' dir='ltr'>laborare,</span> <span class='ocrx_word' id='word_1_128' title='bbox 1293 1443 1351 1486; x_wconf 87' lang='lat' dir='ltr'>sic</span> <span class='ocrx_word' id='word_1_129' title='bbox 1377 1440 1508 1491; x_wconf 61' lang='lat' dir='ltr'>affici,</span> <span class='ocrx_word' id='word_1_130' title='bbox 1539 1449 1587 1485; x_wconf 90' lang='lat' dir='ltr'>ut</span> <span class='ocrx_word' id='word_1_131' title='bbox 1610 1433 1740 1485; x_wconf 63' lang='lat' dir='ltr'>fa‘ciat</span> 
     </span>
     <span class='ocr_line' id='line_1_17' title="bbox 375 1513 1731 1575; baseline -0.002 -16"><span class='ocrx_word' id='word_1_132' title='bbox 375 1517 479 1559; x_wconf 89' lang='lat' dir='ltr'>mihi</span> <span class='ocrx_word' id='word_1_133' title='bbox 501 1517 722 1575; x_wconf 83' lang='lat' dir='ltr'>injuriam3</span> <span class='ocrx_word' id='word_1_134' title='bbox 756 1516 827 1574; x_wconf 90' lang='lat' dir='ltr'>qui</span> <span class='ocrx_word' id='word_1_135' title='bbox 850 1517 884 1558; x_wconf 92' lang='lat' dir='ltr'>si</span> <span class='ocrx_word' id='word_1_136' title='bbox 911 1523 1157 1574; x_wconf 83' lang='lat' dir='ltr'>agnosceret</span> <span class='ocrx_word' id='word_1_137' title='bbox 1178 1531 1270 1565; x_wconf 88' lang='lat' dir='ltr'>me,</span> <span class='ocrx_word' id='word_1_138' title='bbox 1305 1514 1536 1573; x_wconf 73' lang='lat' dir='ltr'>honoraret</span> <span class='ocrx_word' id='word_1_139' title='bbox 1558 1513 1731 1572; x_wconf 86' lang='lat' dir='ltr'>utique,</span> 
     </span>
     <span class='ocr_line' id='line_1_18' title="bbox 374 1582 1740 1640; baseline -0.003 -10"><span class='ocrx_word' id='word_1_140' title='bbox 374 1595 488 1631; x_wconf 88' lang='lat' dir='ltr'>certe</span> <span class='ocrx_word' id='word_1_141' title='bbox 509 1603 595 1631; x_wconf 88' lang='lat' dir='ltr'>non</span> <span class='ocrx_word' id='word_1_142' title='bbox 614 1588 798 1630; x_wconf 86' lang='lat' dir='ltr'>laederet.</span> <span class='ocrx_word' id='word_1_143' title='bbox 828 1587 942 1640; x_wconf 87' lang='lat' dir='ltr'>Quid</span> <span class='ocrx_word' id='word_1_144' title='bbox 965 1586 1079 1629; x_wconf 89' lang='lat' dir='ltr'>enim</span> <span class='ocrx_word' id='word_1_145' title='bbox 1105 1588 1228 1630; x_wconf 86' lang='lat' dir='ltr'>laesus</span> <span class='ocrx_word' id='word_1_146' title='bbox 1246 1594 1309 1629; x_wconf 88' lang='lat' dir='ltr'>est</span> <span class='ocrx_word' id='word_1_147' title='bbox 1330 1601 1427 1628; x_wconf 90' lang='lat' dir='ltr'>meo</span> <span class='ocrx_word' id='word_1_148' title='bbox 1445 1585 1581 1634; x_wconf 81' lang='lat' dir='ltr'>facto,</span> <span class='ocrx_word' id='word_1_149' title='bbox 1599 1591 1648 1628; x_wconf 86' lang='lat' dir='ltr'>ut</span> <span class='ocrx_word' id='word_1_150' title='bbox 1667 1582 1740 1627; x_wconf 85' lang='lat' dir='ltr'>ha-</span> 
     </span>
     <span class='ocr_line' id='line_1_19' title="bbox 372 1646 1740 1719; baseline -0.003 -17"><span class='ocrx_word' id='word_1_151' title='bbox 372 1658 473 1702; x_wconf 84' lang='lat' dir='ltr'>beat</span> <span class='ocrx_word' id='word_1_152' title='bbox 497 1658 687 1702; x_wconf 81' lang='lat' dir='ltr'>laedentis</span> <span class='ocrx_word' id='word_1_153' title='bbox 711 1658 939 1702; x_wconf 75' lang='lat' dir='ltr'>affectum?</span> <span class='ocrx_word' id='word_1_154' title='bbox 955 1656 1066 1718; x_wconf 83' lang='lat' dir='ltr'>Ergo</span> <span class='ocrx_word' id='word_1_155' title='bbox 1085 1673 1183 1701; x_wconf 87' lang='lat' dir='ltr'>cum</span> <span class='ocrx_word' id='word_1_156' title='bbox 1206 1673 1293 1701; x_wconf 91' lang='lat' dir='ltr'>non</span> <span class='ocrx_word' id='word_1_157' title='bbox 1320 1655 1506 1719; x_wconf 79' lang='lat' dir='ltr'>suppetit</span> <span class='ocrx_word' id='word_1_158' title='bbox 1527 1671 1652 1699; x_wconf 84' lang='lat' dir='ltr'>causa</span> <span class='ocrx_word' id='word_1_159' title='bbox 1672 1646 1740 1699; x_wconf 70' lang='lat' dir='ltr'>lae-</span> 
     </span>
     <span class='ocr_line' id='line_1_20' title="bbox 376 1726 1737 1787; baseline -0.003 -15"><span class='ocrx_word' id='word_1_160' title='bbox 376 1729 503 1773; x_wconf 84' lang='lat' dir='ltr'>‹lendi</span> <span class='ocrx_word' id='word_1_161' title='bbox 518 1761 529 1778; x_wconf 92' lang='lat'><strong>,</strong></span> <span class='ocrx_word' id='word_1_162' title='bbox 547 1745 632 1771; x_wconf 90' lang='lat' dir='ltr'>non</span> <span class='ocrx_word' id='word_1_163' title='bbox 654 1737 792 1787; x_wconf 89' lang='lat' dir='ltr'>potest</span> <span class='ocrx_word' id='word_1_164' title='bbox 808 1730 931 1787; x_wconf 84' lang='lat' dir='ltr'>culpa</span> <span class='ocrx_word' id='word_1_165' title='bbox 943 1744 1033 1771; x_wconf 81' lang='lat' dir='ltr'>esse</span> <span class='ocrx_word' id='word_1_166' title='bbox 1049 1728 1265 1787; x_wconf 87' lang='lat' dir='ltr'>propositi.</span> <span class='ocrx_word' id='word_1_167' title='bbox 1284 1729 1395 1786; x_wconf 87' lang='lat' dir='ltr'>Ergo</span> <span class='ocrx_word' id='word_1_168' title='bbox 1417 1726 1450 1770; x_wconf 88' lang='lat' dir='ltr'>si</span> <span class='ocrx_word' id='word_1_169' title='bbox 1466 1726 1604 1785; x_wconf 88' lang='lat' dir='ltr'>justus</span> <span class='ocrx_word' id='word_1_170' title='bbox 1625 1741 1737 1776; x_wconf 90' lang='lat' dir='ltr'>sum,</span> 
     </span>
     <span class='ocr_line' id='line_1_21' title="bbox 377 1794 1741 1860; baseline -0.001 -17"><span class='ocrx_word' id='word_1_171' title='bbox 377 1799 539 1843; x_wconf 73' lang='lat' dir='ltr'>afficior</span> <span class='ocrx_word' id='word_1_172' title='bbox 559 1809 734 1860; x_wconf 86' lang='lat' dir='ltr'>propter</span> <span class='ocrx_word' id='word_1_173' title='bbox 757 1800 1226 1858; x_wconf 70' lang='lat' dir='ltr'>charitatem‚„propter</span> <span class='ocrx_word' id='word_1_174' title='bbox 1248 1794 1741 1857; x_wconf 65' lang='lat' dir='ltr'>dilectionem,³propter</span> 
     </span>
     <span class='ocr_line' id='line_1_22' title="bbox 371 1863 1739 1928; baseline -0.001 -17"><span class='ocrx_word' id='word_1_175' title='bbox 371 1870 571 1913; x_wconf 70' lang='lat' dir='ltr'>Ecclesiae</span> <span class='ocrx_word' id='word_1_176' title='bbox 587 1872 787 1913; x_wconf 78' lang='lat' dir='ltr'>damnum</span> <span class='ocrx_word' id='word_1_177' title='bbox 803 1904 812 1920; x_wconf 88' lang='lat'>,</span> <span class='ocrx_word' id='word_1_178' title='bbox 828 1878 1001 1928; x_wconf 82' lang='lat' dir='ltr'>propter</span> <span class='ocrx_word' id='word_1_179' title='bbox 1017 1870 1205 1927; x_wconf 82' lang='lat' dir='ltr'>corporis</span> <span class='ocrx_word' id='word_1_180' title='bbox 1225 1869 1540 1911; x_wconf 81' lang='lat' dir='ltr'>detrimentum.</span> <span class='ocrx_word' id='word_1_181' title='bbox 1563 1863 1739 1912; x_wconf 85' lang='lat' dir='ltr'>Possum</span> 
     </span>
     <span class='ocr_line' id='line_1_23' title="bbox 373 1936 1738 1997; baseline -0.001 -15"><span class='ocrx_word' id='word_1_182' title='bbox 373 1942 499 1983; x_wconf 81' lang='lat' dir='ltr'>etiam</span> <span class='ocrx_word' id='word_1_183' title='bbox 519 1942 621 1983; x_wconf 77' lang='lat' dir='ltr'>illud</span> <span class='ocrx_word' id='word_1_184' title='bbox 639 1943 802 1990; x_wconf 73' lang='lat' dir='ltr'>dolere.</span> <span class='ocrx_word' id='word_1_185' title='bbox 826 1942 938 1997; x_wconf 82' lang='lat' dir='ltr'>quod</span> <span class='ocrx_word' id='word_1_186' title='bbox 962 1936 1142 1982; x_wconf 79' lang='lat' dir='ltr'>etiamsi</span> <span class='ocrx_word' id='word_1_187' title='bbox 1168 1955 1243 1997; x_wconf 74' lang='lat' dir='ltr'>rgo</span> <span class='ocrx_word' id='word_1_188' title='bbox 1266 1940 1492 1982; x_wconf 70' lang='lat' dir='ltr'>laedentem</span> <span class='ocrx_word' id='word_1_189' title='bbox 1511 1950 1596 1982; x_wconf 77' lang='lat' dir='ltr'>&#39;non</span> <span class='ocrx_word' id='word_1_190' title='bbox 1618 1939 1738 1982; x_wconf 78' lang='lat' dir='ltr'>laese-</span> 
     </span>
     <span class='ocr_line' id='line_1_24' title="bbox 374 2009 1737 2069; baseline 0.001 -18"><span class='ocrx_word' id='word_1_191' title='bbox 374 2011 454 2052; x_wconf 84' lang='lat' dir='ltr'>rim</span> <span class='ocrx_word' id='word_1_192' title='bbox 475 2045 484 2061; x_wconf 89' lang='lat'><em>‚</em></span> <span class='ocrx_word' id='word_1_193' title='bbox 505 2020 545 2052; x_wconf 77' lang='lat' dir='ltr'>ot</span> <span class='ocrx_word' id='word_1_194' title='bbox 566 2028 650 2054; x_wconf 85' lang='lat' dir='ltr'>non</span> <span class='ocrx_word' id='word_1_195' title='bbox 673 2011 747 2055; x_wconf 74' lang='lat' dir='ltr'>sin]</span> <span class='ocrx_word' id='word_1_196' title='bbox 776 2011 879 2053; x_wconf 80' lang='lat' dir='ltr'>mihi</span> <span class='ocrx_word' id='word_1_197' title='bbox 904 2010 1100 2054; x_wconf 81' lang='lat' dir='ltr'>conscius</span> <span class='ocrx_word' id='word_1_198' title='bbox 1125 2012 1238 2068; x_wconf 81' lang='lat' dir='ltr'>quod</span> <span class='ocrx_word' id='word_1_199' title='bbox 1261 2027 1358 2053; x_wconf 90' lang='lat' dir='ltr'>eum</span> <span class='ocrx_word' id='word_1_200' title='bbox 1378 2011 1421 2053; x_wconf 85' lang='lat' dir='ltr'>in</span> <span class='ocrx_word' id='word_1_201' title='bbox 1439 2025 1507 2053; x_wconf 80' lang='lat' dir='ltr'>me</span> <span class='ocrx_word' id='word_1_202' title='bbox 1530 2009 1737 2069; x_wconf 80' lang='lat' dir='ltr'>aliquibus</span> 
     </span>
     <span class='ocr_line' id='line_1_25' title="bbox 375 2070 1753 2140; baseline 0 -17"><span class='ocrx_word' id='word_1_203' title='bbox 375 2081 537 2139; x_wconf 75' lang='lat' dir='ltr'>injuriis</span> <span class='ocrx_word' id='word_1_204' title='bbox 564 2083 857 2132; x_wconf 70' lang='lat' dir='ltr'>excitaverimg</span> <span class='ocrx_word' id='word_1_205' title='bbox 884 2091 1025 2124; x_wconf 82' lang='lat' dir='ltr'>tamen</span> <span class='ocrx_word' id='word_1_206' title='bbox 1046 2097 1172 2124; x_wconf 81' lang='lat' dir='ltr'>causa</span> <span class='ocrx_word' id='word_1_207' title='bbox 1191 2077 1249 2124; x_wconf 85' lang='lat' dir='ltr'>illi</span> <span class='ocrx_word' id='word_1_208' title='bbox 1277 2081 1429 2124; x_wconf 83' lang='lat' dir='ltr'>fuerim</span> <span class='ocrx_word' id='word_1_209' title='bbox 1451 2083 1593 2140; x_wconf 84' lang='lat' dir='ltr'>lapsus</span> <span class='ocrx_word' id='word_1_210' title='bbox 1615 2070 1753 2140; x_wconf 45' lang='lat' dir='ltr'>ejus,-</span> 
     </span>
     <span class='ocr_line' id='line_1_26' title="bbox 371 2148 1738 2214; baseline 0.001 -21"><span class='ocrx_word' id='word_1_211' title='bbox 371 2153 486 2210; x_wconf 84' lang='lat' dir='ltr'>quod</span> <span class='ocrx_word' id='word_1_212' title='bbox 507 2153 778 2196; x_wconf 87' lang='lat' dir='ltr'>innocentem</span> <span class='ocrx_word' id='word_1_213' title='bbox 800 2151 994 2196; x_wconf 83' lang='lat' dir='ltr'>laedendo</span> <span class='ocrx_word' id='word_1_214' title='bbox 1018 2152 1263 2214; x_wconf 80' lang='lat' dir='ltr'>delinquat,</span> <span class='ocrx_word' id='word_1_215' title='bbox 1288 2151 1404 2211; x_wconf 89' lang='lat' dir='ltr'>quod</span> <span class='ocrx_word' id='word_1_216' title='bbox 1433 2151 1570 2196; x_wconf 84' lang='lat' dir='ltr'>factus</span> <span class='ocrx_word' id='word_1_217' title='bbox 1595 2148 1675 2195; x_wconf 88' lang='lat' dir='ltr'>sim</span> <span class='ocrx_word' id='word_1_218' title='bbox 1698 2151 1738 2195; x_wconf 84' lang='lat' dir='ltr'>ei</span> 
     </span>
     <span class='ocr_line' id='line_1_27' title="bbox 372 2223 1541 2282; baseline 0.004 -16"><span class='ocrx_word' id='word_1_219' title='bbox 372 2223 548 2266; x_wconf 73' lang='lat' dir='ltr'>matoria</span> <span class='ocrx_word' id='word_1_220' title='bbox 570 2224 747 2282; x_wconf 80' lang='lat' dir='ltr'>peccati.</span> <span class='ocrx_word' id='word_1_221' title='bbox 1528 2249 1541 2255; x_wconf 50' lang='lat' dir='ltr'><em>s</em></span> 
     </span>
    </p>

    <p class='ocr_par' dir='ltr' id='par_1_4' title="bbox 367 2254 1739 2712">
     <span class='ocr_line' id='line_1_28' title="bbox 429 2254 1737 2360; baseline -0.001 -22"><span class='ocrx_word' id='word_1_222' title='bbox 429 2295 550 2339; x_wconf 82' lang='lat' dir='ltr'><strong>XXI.</strong></span> <span class='ocrx_word' id='word_1_223' title='bbox 583 2295 674 2339; x_wconf 90' lang='lat' dir='ltr'>Hoc</span> <span class='ocrx_word' id='word_1_224' title='bbox 691 2310 791 2354; x_wconf 81' lang='lat' dir='ltr'>ergo</span> <span class='ocrx_word' id='word_1_225' title='bbox 824 2296 939 2338; x_wconf 83' lang='lat' dir='ltr'>dolet</span> <span class='ocrx_word' id='word_1_226' title='bbox 968 2294 1128 2345; x_wconf 81' lang='lat' dir='ltr'>David,</span> <span class='ocrx_word' id='word_1_227' title='bbox 1149 2303 1192 2338; x_wconf 89' lang='lat' dir='ltr'>et</span> <span class='ocrx_word' id='word_1_228' title='bbox 1219 2254 1314 2338; x_wconf 88' lang='lat' dir='ltr'>ideo</span> <span class='ocrx_word' id='word_1_229' title='bbox 1344 2295 1485 2346; x_wconf 75' lang='grc' dir='ltr'><strong>(1016ι;</strong></span> <span class='ocrx_word' id='word_1_230' title='bbox 1518 2295 1614 2353; x_wconf 84' lang='lat' dir='ltr'>quia</span> <span class='ocrx_word' id='word_1_231' title='bbox 1637 2309 1737 2360; x_wconf 84' lang='lat' dir='ltr'>cum</span> 
     </span>
     <span class='ocr_line' id='line_1_29' title="bbox 369 2356 1731 2426; baseline 0.001 -18"><span class='ocrx_word' id='word_1_232' title='bbox 369 2382 504 2411; x_wconf 87' lang='lat' dir='ltr'>unum</span> <span class='ocrx_word' id='word_1_233' title='bbox 516 2368 757 2410; x_wconf 84' lang='lat' dir='ltr'>membrum</span> <span class='ocrx_word' id='word_1_234' title='bbox 772 2367 954 2426; x_wconf 86' lang='lat' dir='ltr'>patitur,</span> <span class='ocrx_word' id='word_1_235' title='bbox 969 2375 1011 2409; x_wconf 88' lang='lat' dir='ltr'>et</span> <span class='ocrx_word' id='word_1_236' title='bbox 1029 2374 1180 2410; x_wconf 83' lang='lat' dir='ltr'>caetera</span> <span class='ocrx_word' id='word_1_237' title='bbox 1194 2367 1362 2410; x_wconf 80' lang='lat' dir='ltr'>membi</span> <span class='ocrx_word' id='word_1_238' title='bbox 1364 2383 1387 2410; x_wconf 82' lang='lat' dir='ltr'>a</span> <span class='ocrx_word' id='word_1_239' title='bbox 1400 2356 1731 2426; x_wconf 79' lang='lat' dir='ltr'>compatiuntur.</span> 
     </span>
     <span class='ocr_line' id='line_1_30' title="bbox 369 2431 1739 2497; baseline 0.001 -17"><span class='ocrx_word' id='word_1_240' title='bbox 369 2438 469 2481; x_wconf 82' lang='lat' dir='ltr'>Ideo</span> <span class='ocrx_word' id='word_1_241' title='bbox 492 2439 601 2481; x_wconf 87' lang='lat' dir='ltr'>sorte</span> <span class='ocrx_word' id='word_1_242' title='bbox 622 2447 666 2481; x_wconf 86' lang='lat' dir='ltr'>et</span> <span class='ocrx_word' id='word_1_243' title='bbox 690 2438 793 2482; x_wconf 87' lang='lat' dir='ltr'>illud</span> <span class='ocrx_word' id='word_1_244' title='bbox 812 2438 997 2497; x_wconf 89' lang='lat' dir='ltr'>positum</span> <span class='ocrx_word' id='word_1_245' title='bbox 1014 2447 1076 2482; x_wconf 84' lang='lat' dir='ltr'>est</span> <span class='ocrx_word' id='word_1_246' title='bbox 1098 2454 1107 2481; x_wconf 92' lang='lat'><strong>:</strong></span> <span class='ocrx_word' id='word_1_247' title='bbox 1124 2457 1140 2479; x_wconf 78' lang='grc' dir='ltr'>α</span> <span class='ocrx_word' id='word_1_248' title='bbox 1160 2437 1306 2482; x_wconf 82' lang='lat' dir='ltr'>Justus</span> <span class='ocrx_word' id='word_1_249' title='bbox 1327 2439 1370 2481; x_wconf 88' lang='lat' dir='ltr'>in</span> <span class='ocrx_word' id='word_1_250' title='bbox 1386 2431 1739 2493; x_wconf 77' lang='lat' dir='ltr'>exordiosermo-</span> 
     </span>
     <span class='ocr_line' id='line_1_31' title="bbox 373 2508 1736 2568; baseline 0.001 -19"><span class='ocrx_word' id='word_1_251' title='bbox 373 2527 388 2548; x_wconf 83' lang='lat'>»</span> <span class='ocrx_word' id='word_1_252' title='bbox 403 2509 465 2551; x_wconf 89' lang='lat' dir='ltr'>nis</span> <span class='ocrx_word' id='word_1_253' title='bbox 488 2518 710 2552; x_wconf 82' lang='lat' dir='ltr'>accusator</span> <span class='ocrx_word' id='word_1_254' title='bbox 730 2519 794 2554; x_wconf 81' lang='lat' dir='ltr'>cst</span> <span class='ocrx_word' id='word_1_255' title='bbox 815 2510 918 2553; x_wconf 71' lang='lat' dir='ltr'>sui¹.</span> <span class='ocrx_word' id='word_1_256' title='bbox 943 2530 957 2550; x_wconf 69' lang='grc' dir='ltr'>ι»</span> <span class='ocrx_word' id='word_1_257' title='bbox 972 2510 1078 2554; x_wconf 84' lang='lat' dir='ltr'>Nam</span> <span class='ocrx_word' id='word_1_258' title='bbox 1105 2510 1184 2554; x_wconf 88' lang='lat' dir='ltr'>etsi</span> <span class='ocrx_word' id='word_1_259' title='bbox 1204 2509 1332 2568; x_wconf 87' lang='lat' dir='ltr'>possit</span> <span class='ocrx_word' id='word_1_260' title='bbox 1350 2509 1484 2566; x_wconf 87' lang='lat' dir='ltr'>justus</span> <span class='ocrx_word' id='word_1_261' title='bbox 1501 2509 1658 2553; x_wconf 84' lang='lat' dir='ltr'>habere</span> <span class='ocrx_word' id='word_1_262' title='bbox 1683 2508 1736 2562; x_wconf 26' lang='lat' dir='ltr'>,in</span> 
     </span>
     <span class='ocr_line' id='line_1_32' title="bbox 377 2579 1734 2640; baseline 0.002 -20"><span class='ocrx_word' id='word_1_263' title='bbox 377 2595 420 2621; x_wconf 84' lang='lat' dir='ltr'>se</span> <span class='ocrx_word' id='word_1_264' title='bbox 442 2581 556 2636; x_wconf 84' lang='lat' dir='ltr'>quod</span> <span class='ocrx_word' id='word_1_265' title='bbox 571 2579 777 2638; x_wconf 47' lang='lat' dir='ltr'>[accusem</span> <span class='ocrx_word' id='word_1_266' title='bbox 802 2590 844 2624; x_wconf 86' lang='lat' dir='ltr'>et</span> <span class='ocrx_word' id='word_1_267' title='bbox 863 2580 1001 2640; x_wconf 86' lang='lat' dir='ltr'>justus</span> <span class='ocrx_word' id='word_1_268' title='bbox 1017 2597 1106 2625; x_wconf 82' lang='lat' dir='ltr'>esse</span> <span class='ocrx_word' id='word_1_269' title='bbox 1127 2580 1140 2638; x_wconf 97' lang='lat'>(</span> <span class='ocrx_word' id='word_1_270' title='bbox 1162 2581 1259 2639; x_wconf 76' lang='lat' dir='ltr'>quia</span> <span class='ocrx_word' id='word_1_271' title='bbox 1291 2596 1418 2623; x_wconf 89' lang='lat' dir='ltr'>nemo</span> <span class='ocrx_word' id='word_1_272' title='bbox 1440 2581 1529 2624; x_wconf 84' lang='lat' dir='ltr'>sine</span> <span class='ocrx_word' id='word_1_273' title='bbox 1556 2587 1734 2638; x_wconf 79' lang='lat' dir='ltr'>peccato</span> 
     </span>
     <span class='ocr_line' id='line_1_33' title="bbox 367 2646 1730 2712; baseline 0.003 -23"><span class='ocrx_word' id='word_1_274' title='bbox 367 2657 521 2707; x_wconf 81' lang='lat' dir='ltr'>praeter</span> <span class='ocrx_word' id='word_1_275' title='bbox 547 2666 679 2694; x_wconf 89' lang='lat' dir='ltr'>unum</span> <span class='ocrx_word' id='word_1_276' title='bbox 701 2652 873 2711; x_wconf 83' lang='lat' dir='ltr'>Deum)</span> <span class='ocrx_word' id='word_1_277' title='bbox 900 2660 943 2697; x_wconf 89' lang='lat' dir='ltr'>ct</span> <span class='ocrx_word' id='word_1_278' title='bbox 970 2646 1103 2712; x_wconf 76' lang='lat' dir='ltr'>possit</span> <span class='ocrx_word' id='word_1_279' title='bbox 1135 2651 1262 2696; x_wconf 83' lang='lat' dir='ltr'>etiam</span> <span class='ocrx_word' id='word_1_280' title='bbox 1296 2660 1497 2712; x_wconf 82' lang='lat' dir='ltr'>peccator</span> <span class='ocrx_word' id='word_1_281' title='bbox 1527 2650 1609 2695; x_wconf 87' lang='lat' dir='ltr'>hoc</span> <span class='ocrx_word' id='word_1_282' title='bbox 1640 2649 1730 2710; x_wconf 88' lang='lat' dir='ltr'>ipso</span> 
     </span>
    </p>
   </div>
   <div class='ocr_carea' id='block_1_3' title="bbox 418 2741 727 2787">
    <p class='ocr_par' dir='ltr' id='par_1_5' title="bbox 418 2741 727 2787">
     <span class='ocr_line' id='line_1_34' title="bbox 418 2741 727 2787; baseline 0.003 -12"><span class='ocrx_word' id='word_1_283' title='bbox 418 2750 427 2766; x_wconf 82' lang='lat'><em>¹</em></span> <span class='ocrx_word' id='word_1_284' title='bbox 446 2741 544 2777; x_wconf 78' lang='lat' dir='ltr'>Prov.</span> <span class='ocrx_word' id='word_1_285' title='bbox 565 2753 658 2781; x_wconf 82' lang='lat' dir='ltr'>xvm,</span> <span class='ocrx_word' id='word_1_286' title='bbox 680 2753 727 2787; x_wconf 85' lang='lat'>¹7·</span> 
     </span>
    </p>
   </div>
  </div>
 </body>
</html>
