1800 3236
317 269 399 329 372
864 278 895 307 s.
935 277 1130 307 Amnnesu

316 362 494 410 tentatio
514 361 661 411 levior,
685 359 896 403 calumnia
914 358 1105 418 gravior;
1127 353 1333 416 siquidem
1350 357 1526 402 tentatio
1541 365 1681 417 potest

319 452 410 480 esse
431 432 666 483 calumnia,
697 430 908 474 calumnia
938 430 980 472 in
1006 446 1049 473 se
1079 438 1121 473 et
1146 428 1420 472 tentationem
1438 429 1587 474 habet.-
1607 431 1682 475 Est
1724 457 1743 469 a

310 518 364 554 et
383 509 568 552 humana
590 503 768 547 tentatio
782 535 794 552 ,
819 518 946 560 quam
966 502 1076 546 ferre
1098 517 1321 561 possumus
1341 518 1351 544 :
1376 499 1588 546 calumnia
1614 514 1683 546 au-

320 589 407 624 tem
427 576 560 637 gravis
577 584 651 618 est.
679 575 732 616 Et
749 575 842 616 ideo
855 574 1084 623 Dominus,
1108 588 1200 631 quae
1222 581 1319 616 sunt
1335 573 1526 631 graviora
1546 587 1684 618 susce·
1736 598 1744 605 ·

318 650 404 709 pit,
423 657 465 690 et
486 645 707 690 calumniis
738 643 945 703 appetitus
967 644 1181 687 silentium
1206 643 1354 686 detulit
1381 643 1678 702 triumphale¹.

322 718 545 764 Calumnia
582 725 724 759 autem
756 731 806 758 eo
842 716 1009 774 gravior
1043 724 1134 766 est,
1169 715 1267 772 quia
1297 730 1383 757 non
1419 717 1555 759 solum
1584 713 1686 760 salsa

321 790 541 849 componit
565 804 576 831 ε
608 787 885 831 verumetiam
909 803 1001 845 quae
1029 787 1104 845 pie
1133 794 1247 845 gesta
1278 794 1378 829 sunt
1397 818 1409 836 ,
1435 787 1683 831 decolorat:
1745 779 1748 783 ’

322 871 371 906 ut
393 860 554 919 Joseph
579 875 666 902 non
697 860 836 902 solum
868 858 1063 901 adulterii
1089 857 1303 900 oblatione
1324 865 1515 901 tentatus*
1531 867 1622 909 est,
1645 857 1690 903 et

323 932 599 991 invitamento
628 929 772 973 herilis
804 928 1040 972 illecebrae²
1067 929 1390 972 :-ve1·umetiam
1417 938 1602 973 tentatus
1623 944 1690 974 ca·
1737 971 1743 975 .

323 1003 522 1053 lumniis‚
557 1001 792 1059 composito
810 1033 820 1050 ,
854 1002 969 1058 quod
998 1000 1088 1059 ipse
1114 1001 1368 1043 adulterium
1396 995 1576 1044 dominae
1605 1016 1690 1045 suae

324 1075 479 1119 inferre
510 1072 739 1123 voluisset,
774 1072 1192 1130 comprehensusque
1221 1067 1385 1115 exuerit
1418 1081 1608 1123 vestem;
1637 1088 1692 1117 ne·

325 1145 497 1192 fraudis.
513 1144 740 1193 indicium,
769 1152 894 1201 atque
920 1143 1090 1202 insigne
1110 1142 1298 1186 criminis
1325 1151 1573 1187 teneretur:
1595 1158 1694 1187 cum

327 1219 475 1275 utique
509 1216 710 1259 amictum
746 1216 842 1258 ideo
875 1215 1040 1273 fugiens
1076 1213 1311 1272 reliquerit,
1333 1224 1382 1258 ut
1411 1215 1693 1274 laqueosvim

329 1287 550 1332 inferentis
563 1319 574 1335 ‚
593 1295 636 1328 et
657 1301 786 1328 nexus
808 1286 1066 1328 illecebrosa}
1091 1286 1190 1328 artis
1209 1287 1419 1329 evaderet.
1448 1287 1543 1345 Ip'se
1561 1281 1696 1330 David

327 1366 534 1408 senserat,
559 1357 673 1415 quod
694 1357 884 1399 timebat.
903 1357 1068 1408 Quibus
1085 1357 1199 1399 enim
1221 1357 1322 1400 Saul
1345 1357 1454 1416 regis
1473 1357 1698 1401 calumniis

326 1429 535 1476 laboravit
555 1429 564 1470 1
595 1427 834 1471 Perterritis
859 1428 1076 1481 omnibus,
1103 1426 1319 1486 Allophyli
1343 1428 1549 1486 impetum
1572 1428 1696 1478 lusit,

332 1510 376 1545 et
408 1499 608 1558 singulari
643 1498 876 1542 certamine
909 1513 1120 1555 summam
1157 1498 1289 1548 belli,
1329 1507 1372 1542 et
1406 1499 1535 1542 totius
1565 1498 1701 1558 praelii

288 1598 291 1602 .
333 1574 502 1633 pondus
523 1570 711 1629 excepit,
735 1570 892 1613 virtute
920 1586 993 1612 sua
1015 1572 1129 1613 solus
1150 1585 1380 1613 commune
1401 1570 1564 1614 crimen
1582 1570 1702 1636 refel-

333 1645 423 1689 lens
435 1678 446 1695 ,
466 1651 509 1686 et
524 1643 653 1686 totius
670 1650 919 1700 retorquens
942 1641 985 1683 in
1002 1641 1167 1684 hostem
1184 1642 1318 1699 plebis
1336 1642 1639 1701 opprobrium:
1658 1649 1703 1686 et

336 1725 479 1759 tamen
516 1714 612 1772 quia
649 1713 887 1771 juvenculae
921 1713 1118 1756 dixerunt
1152 1728 1162 1755 ε
1193 1731 1208 1753 «
1240 1713 1340 1756 Saul
1363 1713 1636 1774 triumphavit
1658 1713 1702 1756 in

336 1786 554 1830 »millibus
570 1817 581 1834 ,
606 1783 740 1840 David
757 1784 800 1826 in
825 1784 972 1826 decem
996 1782 1205 1826 millibus³
1226 1816 1236 1832 ,
1256 1783 1417 1842 »gloria
1434 1784 1476 1826 in
1503 1783 1704 1826 invidiam

334 1872 469 1907 versa,
495 1856 593 1898 odio
611 1855 739 1912 coepit
756 1854 910 1912 urgeri.
927 1855 980 1897 Et
996 1863 1044 1896 ut
1060 1855 1112 1896 de
1133 1855 1438 1912 posterioribus
1454 1856 1699 1913 loquamur:

336 1928 532 1971 Susanna
568 1926 680 1968 bene
715 1926 794 1968 sihi
827 1926 997 1968 conscia
1032 1934 1146 1975 erat3
1178 1934 1220 1969 et
1253 1928 1367 1985 apud
1396 1926 1589 1969 homines
1621 1925 1704 1971 sibi

333 2000 485 2041 adesse
502 2012 587 2039 non
609 1995 820 2055 poteratl‘.
854 1997 949 2039 Due
982 1996 1222 2055 presbyteri
1256 2013 1376 2041 senes
1408 1997 1559 2041 falsum
1591 1997 1704 2041 testi—

337 2068 533 2124 monium
555 2067 822 2117 deserebant,
847 2083 1049 2110 numerus
1070 2070 1340 2111 sacerdotum
1363 2058 1487 2126 atque
1508 2077 1705 2112 senectus

337 2155 488 2184 vocem
527 2138 775 2182 auferebant
815 2141 964 2198 puellae
996 2155 1016 2182 :·
1046 2141 1131 2182 sola
1174 2140 1433 2183 conscientia
1468 2149 1559 2184 erat
1593 2139 1707 2198 apud

339 2210 480 2254 Deum
501 2210 646 2252 libera.
678 2210 873 2268 Denique
892 2210 1129 2254 -hominum
1163 2212 1360 2254 damnata
1390 2210 1571 2270 judicio,
1599 2217 1713 2254 nutu-

343 2289 408 2324 est
429 2281 618 2323 absoluta
641 2280 797 2324 divino.
1456 2318 1458 2320 ,
1692 2312 1694 2314 v

402 2350 544 2395 XXV.
581 2351 682 2395 Ideo
720 2352 776 2394 ait
797 2351 1009 2410 Propheta
1032 2367 1076 2394 :a
1100 2352 1252 2395 Libera
1271 2366 1341 2396 me
1366 2368 1388 2396 a
1405 2352 1618 2397 calumnia
1633 2351 1707 2396 he·

341 2422 563 2471 »minum3
587 2430 635 2464 ut
658 2423 895 2465 custodiam
918 2423 1114 2465 mandata
1137 2431 1210 2465 tua
1228 2439 1238 2465 :
1258 2424 1358 2481 »qui
1380 2424 1494 2466 enim
1509 2422 1708 2482 opprimi·-
1745 2422 1748 2425 ’

344 2502 414 2536 tur
437 2493 670 2544 calumnia,
690 2509 777 2536 non
798 2494 919 2537 facile
940 2502 1079 2553 potest
1099 2494 1312 2537 custodire
1333 2495 1530 2538 mandata
1547 2484 1700 2537 divina.

390 2606 399 2621 ¹
423 2597 543 2631 Mauh.
560 2608 651 2636 xxvi,
669 2598 775 2631 63.—
793 2609 806 2623 ι
826 2599 909 2633 Gen.
927 2608 1038 2641 xxxix,
1060 2609 1105 2640 ιο,
1128 2609 1179 2639 ιι,
1196 2605 1228 2634 et
1241 2610 1380 2644 seqq·-
1395 2600 1409 2622 ⁸
1428 2610 1440 2632 ι
1458 2599 1538 2643 neg.
1561 2609 1657 2639 svm,
1672 2609 1705 2642 7.

343 2660 386 2679 -“-·
399 2655 415 2692 ,4
431 2653 517 2685 Dan.
531 2664 606 2692 xm,
622 2653 676 2694 54,
692 2659 723 2688 et
739 2665 831 2698 seqq.
