1800 3236
447 355 662 384 nxrosmo
694 356 738 386 ιιι
769 354 958 385 rsmmu
991 354 1134 384 cxvm.
1386 343 1467 385 281

112 435 186 480 des
208 443 304 480 tuos
332 433 383 477 ab
407 433 522 477 omni
544 435 690 493 lapsu,
713 435 747 478 si
769 433 1016 493 cognoverit
1035 433 1151 491 quod
1181 440 1226 475 tu
1245 432 1475 490 prohibeas

111 506 243 565 pedes
268 513 364 547 tuos
389 519 413 546 a
443 505 579 562 lapsu.
610 505 710 548 ldeo
736 505 820 548 hoc
848 503 1006 547 meruit
1036 502 1200 552 David,
1232 511 1282 545 ut
1309 503 1422 546 Deus
1453 519 1476 546 a

112 577 234 636 lapsu
249 577 379 634 pedes
397 574 490 633 eJus
509 583 677 618 erueret
689 592 702 624 ς
726 575 926 634 quoniam
949 576 1079 633 pedes
1100 589 1198 617 suos
1222 574 1311 632 ipse
1331 574 1480 632 prohi-

114 647 344 698 bebat‚‘ne
363 647 568 706 praecipiti
591 655 719 705 atque
739 647 910 690 incauto
932 654 1210 705 peccatorum
1233 645 1480 688 laberentur

114 718 290 777 vestigio
308 734 319 762 z
342 719 456 762 unde
471 727 514 762 et
535 719 672 777 potuit
685 719 815 762 verba
833 717 1048 761 custodire
1069 717 1222 760 divina.
1256 715 1350 759 Non
1367 716 1481 759 enim

117 789 330 838 custodire
344 780 438 847 (iuis
448 788 618 847 poterit,
637 788 914 847 nisipotuerit
930 788 1047 847 prius
1066 790 1191 830 stare.
1210 787 1319 829 Cum
1339 795 1483 830 autem

120 859 368 903 custodierit
383 892 397 909 ,
432 859 511 918 ipsi
548 858 697 918 incipit
734 859 815 903 Dei
852 858 1040 904 Verbum
1073 858 1186 902 serre
1224 857 1477 901 custodiam.

117 929 357 974 Prohibitus
377 931 506 988 pedes
521 944 618 972 suos
636 944 658 972 a
676 930 742 973 via
761 929 945 989 maligna
958 930 1072 973 bene
1095 929 1223 979 dicit,
1245 929 1319 987 qui
1336 928 1485 972 Chris-

120 1008 215 1052 tum
227 1000 341 1044 viam
361 1016 452 1044 esse
473 1001 603 1044 novit.
932 1049 937 1053 ,

181 1061 338 1116 XV111'.
373 1089 392 1112 ι
411 1071 448 1115 Α
469 1071 637 1129 judiciis
664 1072 747 1115 tuis
768 1087 855 1115 non
878 1070 1111 1120 declinavi;
1136 1070 1337 1129 quoniam
1359 1079 1406 1114 tu
1429 1071 1489 1114 le-

124 1156 251 1200 »gem
273 1141 449 1200 posuisti
472 1141 620 1185 mihist
643 1160 659 1181 »
689 1141 892 1199 Exposuit
911 1142 1015 1199 quid
1035 1149 1147 1184 esset
1173 1156 1197 1183 a
1217 1140 1286 1183 via
1303 1140 1488 1200 maligna

125 1202 354 1272 prohibere
374 1214 555 1272 pedem;
578 1228 600 1255 a
615 1212 786 1270 judiciis
808 1212 955 1270 utique
976 1216 1063 1255 non'
1081 1212 1295 1255 declinare
1312 1211 1462 1254 divinis
1477 1244 1490 1260 ,

126 1293 172 1329 et
186 1283 360 1329 firmum
376 1293 501 1342 atque
517 1284 736 1327 immobile
750 1283 1058 1343 perseverantis
1073 1283 1327 1326 innocentiae
1348 1291 1495 1325 tenere

128 1355 367 1414 vestigium,
391 1371 476 1399 non
499 1354 726 1399 deflectere
746 1356 944 1414 gradum,
970 1370 1051 1398 nec
1073 1356 1125 1397 de
1144 1354 1361 1398 curriculo
1380 1369 1498 1412 aver-

129 1426 487 1484 terefdisciplinae,
508 1427 585 1469 sed
602 1425 761 1468 semitis
777 1441 864 1469 non
885 1426 1024 1468 solum
1048 1425 1200 1474 veteris
1221 1425 1264 1467 in
1284 1424 1403 1474 Sina,
1421 1427 1496 1470 sed

131 1496 260 1548 etiam
274 1511 395 1543 uovae
408 1496 531 1554 Legis
545 1496 738 1539 insistere
758 1497 994 1539 secundum
1011 1495 1227 1553 Evangelii
1242 1495 1491 1541 claritatem.

145 1605 149 1608 .
191 1566 315 1611 XIX.
351 1567 426 1610 Est
445 1566 573 1610 etiam
595 1566 812 1625 Evangelii
832 1568 918 1614 lex.
941 1567 994 1609 de
1015 1565 1219 1623 qua'dicit
1240 1565 1285 1608 in
1305 1565 1500 1624 superio:-

134 1637 253 1687 ribus
260 1637 331 1681 hic
340 1637 552 1696 Propheta
562 1652 605 1679 :vc
618 1636 853 1685 Constitue,
864 1636 1064 1685 Domine,
1078 1636 1363 1694 legislatorem
1373 1650 1502 1694 super

137 1723 265 1752 nens:
289 1707 425 1750 sciant
451 1715 598 1766 gentes
620 1707 820 1765 quoniam
849 1707 1043 1750 homines
1069 1705 1209 1750 sunt-².
1232 1706 1503 1750 »Adventum

133 1779 286 1836 utique
298 1778 470 1832 Domini
486 1777 757 1836 intelligimus
778 1777 1040 1836 prophetari,
1062 1786 1105 1820 et
1121 1777 1387 1820 vocatiouem
1404 1793 1504 1836 gen-

64 1905 70 1912 ,
139 1848 246 1892 tium
267 1855 479 1905 quaewante
499 1847 542 1890 in
562 1847 699 1890 lutum
716 1848 932 1904 quoddam
949 1847 1139 1906 corporis
1159 1846 1288 1904 hujus
1305 1847 1506 1890 videban-

143 1928 214 1963 tur
231 1916 397 1969 infixae,
421 1917 627 1976 voluptati
648 1917 933 1977 corruptionis
967 1932 1052 1960 suae
1086 1926 1290 1975 tanquam
1314 1917 1432 1966 faeci,
1463 1926 1507 1960 et

142 1988 308 2034 libidini
339 1988 616 2037 inhaerentes;
648 1989 747 2046 quia
776 1989 1007 2032 Dominum
1035 1989 1293 2032 nescierunt.
1328 1989 1384 2032 Et
1411 1989 1508 2031 ideo

144 2060 301 2113 iratus:
317 2077 336 2100 ι
350 2060 622 2109 Avertantur,
645 2059 798 2117 inquit.
822 2067 1067 2117 peccatores
1090 2059 1134 2101 in
1153 2058 1390 2102 inibrnum'
1407 2076 1448 2108 ;»
1462 2067 1511 2101 ut

143 2145 235 2183 nou
258 2131 452 2174 viderent
477 2131 808 2174 descendentem
825 2138 869 2172 et
894 2130 1193 2172 ascendentem
1215 2130 1400 2172 animam
1423 2129 1512 2171 Do—

149 2201 254 2251 mini
277 2200 403 2251 Jesu,
427 2209 472 2244 et
489 2208 838 2244 converterentur
862 2200 918 2243 ad
932 2199 1189 2250 Dominum,
1208 2200 1281 2256 qui
1303 2200 1511 2249 converti,

149 2287 248 2324 eum
271 2272 474 2321 viverent,
497 2272 738 2314 noluerunt.
766 2270 853 2314 Sed
874 2271 927 2313 de
949 2270 1029 2312 illis
1051 2270 1156 2314 dicit
1174 2270 1391 2328 gentibus,
1418 2283 1512 2326 quae

147 2343 460 2388 >obliviscuntur
475 2343 718 2386 Dominum.

128 2426 130 2428 ·
172 2434 175 2437 “
214 2413 317 2459 ΧΧ.
352 2411 551 2455 Sciet-unt
565 2428 666 2471 ergo
683 2421 727 2455 et
743 2412 864 2456 obliti
882 2420 1007 2455 sunt:
1026 2419 1167 2454 tamen
1183 2410 1431 2470 prophetica
1446 2411 1518 2454 be-

156 2483 361 2542 nignitate
374 2490 484 2533 orat,
499 2491 547 2525 ut
561 2491 737 2541 exurgat
751 2482 976 2531 Dominus,
990 2493 1074 2524 non
1089 2483 1315 2540 praevaloat
1329 2479 1484 2523 homo⁴
1501 2498 1514 2531 ;

158 2562 208 2597 ut
232 2546 508 2611 cogitationes
533 2562 733 2604 terrenae,
761 2562 804 2596 et
829 2562 970 2596 motus
991 2561 1138 2594 omues
1159 2551 1367 2594 ferventes
1388 2550 1517 2608 hujus

162 2624 350 2683 corporis
361 2624 678 2682 conquiescant.
693 2623 974 2667 «Judicentur
989 2630 1135 2681 gentes
1147 2638 1160 2671 ς
1174 2640 1190 2661 ι
1203 2620 1403 2679 quoniam
1418 2629 1521 2665 tunc

213 2735 223 2752 ¹
239 2726 322 2764 Psal-
337 2737 451 2767 cxviii,
474 2738 596 2766 1020—
608 2735 623 2752 ⁸
642 2727 693 2765 ld.
710 2739 755 2767 ux,
773 2738 880 2767 zu.—
894 2729 908 2756 ³
924 2725 1011 2761 Ibid.
1028 2726 1079 2768 ιδ.
1097 2743 1140 2751 -
1158 2699 1273 2764 ⁴1bid,
1291 2734 1344 2762 ιο.
