1800 3236
361 295 382 323 2
394 279 446 323 16
908 296 939 324 s.
979 295 1173 325 Aimnosu

357 368 502 434 postea
519 389 606 419 non
626 375 928 435 flagellaretur.
957 376 1150 434 Denique
1171 375 1254 419 Job
1275 374 1373 419 licet
1388 374 1568 434 graviter
1583 364 1732 434 ssagelss'

357 448 483 497 latus,
502 447 729 505 etquidem
750 447 927 503 flagellis
948 446 1140 504 plurimis
1156 446 1337 505 inopiaer,
1362 445 1724 509 amissionisvfilto-

359 533 472 567 rum,
497 510 715 560 doloribus
749 516 960 574 eorporis,
986 517 1224 577 opprobriis
1241 517 1476 561 amicorum
1492 549 1504 568 ‚
1529 518 1723 580 consola-

359 588 474 632 tione
498 596 639 630 tamen
656 587 812 630 fruitur
827 597 995 631 aeterua.
1244 587 1248 592 “

419 659 621 704 XXXVI.
660 659 771 716 Ergo
802 668 961 717 quanto
991 661 1175 719 majores
1202 661 1498 706 tribulationes
1530 661 1684 706 suerint
1708 693 1728 723 ⁹,

360 739 479 775 tanto
510 731 685 774 uberior
714 732 948 774 consolatio
973 740 1226 784 reservatur.
1262 733 1316 776 Et
1347 742 1489 776 tamen
1517 749 1571 777 ne
1600 734 1724 777 cadas

306 798 309 803 ’
362 812 488 860 atque
524 802 805 852 succumbas,
849 812 1007 860 quanto
1041 803 1225 862 majores
1255 804 1509 849 tentationes
1541 805 1724 854 videris,

361 882 480 917 tauto
501 873 634 932 magis
656 888 757 932 roga
774 873 964 918 Verbum
986 874 1081 924 Dei,
1100 882 1147 917 ut
1170 874 1510 918 adhortationem
1529 875 1607 918 tibi
1624 873 1727 920 affe-

360 952 426 987 rat
451 959 460 986 :
491 944 602 986 sicut
629 944 792 1003 rogavit
815 978 826 995 ,
863 953 904 987 et
928 944 1081 988 Paulus
1105 946 1176 1003 qui
1195 946 1280 990 ait:
1304 963 1321 986 ι
1336 945 1592 991 Benedictus
1613 947 1727 990 Deus

363 1033 380 1056 ι
395 1023 437 1058 et
456 1015 582 1058 Pater
604 1014 777 1057 Domini
798 1016 932 1075 nostri
953 1015 1056 1059 Jesu
1080 1016 1257 1068 Christi,
1278 1017 1402 1061 Pater
1421 1018 1734 1062 misericordia-

362 1100 506 1135 »rum,
527 1093 570 1128 et
586 1083 703 1128 'Deus
726 1086 864 1129 omnis
891 1087 1217 1145 consolationis,
1233 1089 1306 1146 qui
1327 1103 1404 1132 nos
1426 1090 1675 1134 exhortatur
1689 1090 1733 1133 in

361 1156 508 1199 »omni
540 1156 756 1218 angustia3
790 1166 838 1200 ut
881 1159 1093 1216 possimus
1120 1168 1163 1202 et
1198 1159 1275 1218 ipsi
1298 1161 1508 1205 consolari
1523 1169 1619 1216 eos,
1660 1159 1734 1218 qui
1795 1209 1800 1214 ,

363 1246 380 1269 »
394 1227 551 1270 suntin
574 1228 689 1270 omni
712 1228 1011 1279 tribulatione,
1031 1245 1108 1288 per
1129 1230 1470 1285 exhortationem
1489 1240 1638 1288 quaet
1656 1231 1734 1291 ipsi

364 1299 656 1341 »advocamur
687 1313 707 1340 a
737 1298 827 1355 Deo
851 1316 864 1348 3
888 1300 1091 1356 quoniam
1123 1299 1233 1342 sicut
1269 1301 1487 1353 abundant
1519 1301 1733 1360 passiones

367 1368 559 1411 »Christi
586 1368 629 1411 in
646 1369 785 1418 nobis,
805 1369 860 1411 ita
883 1385 959 1427 per
984 1369 1199 1412 Christum
1219 1371 1406 1413 abundat
1428 1370 1555 1414 etiam
1578 1386 1734 1426 conso-

364 1437 495 1482 »latio
517 1446 661 1481 nostra
680 1438 710 1481 ¹.
734 1456 749 1478 »
777 1439 910 1482 Tanta
933 1440 974 1483 vi
993 1440 1232 1498 apostolicae
1252 1440 1468 1498 petitionis
1491 1450 1614 1499 rogat
1644 1474 1655 1491 ,
1685 1450 1734 1485 ut

367 1497 704 1550 consolationem
743 1508 922 1566 accipiat
955 1525 974 1551 a
1004 1510 1189 1554 Domino
1222 1510 1265 1552 in
1291 1511 1406 1554 omni
1431 1503 1731 1561 tribulatione,

367 1594 451 1637 quo
503 1593 590 1621 non
634 1579 772 1621 solum
806 1580 894 1638 ipse
933 1580 1082 1624 induat
1119 1582 1386 1626 tolerantiam
1407 1584 1734 1632 3‘verumetiam

367 1651 471 1694 alios
494 1651 763 1701 consoletur,
791 1659 839 1693 ut
854 1659 896 1693 et
918 1651 996 1710 ipsi
1020 1652 1182 1710 possint
1202 1654 1382 1712 propriae
1398 1653 1553 1697 mentis
1578 1649 1734 1713 angus-'-

365 1720 445 1763 tias
472 1720 692 1763 sustinere.
731 1719 775 1763 Si
797 1721 924 1779 igitur
945 1723 1034 1780 ipse
1061 1723 1104 1765 in
1127 1725 1243 1767 omni
1263 1725 1535 1769 tribulatione
1556 1725 1733 1769 idoneus

365 1789 496 1833 fueris
515 1791 772 1848 approbatus
787 1823 798 1840 ,
825 1800 926 1834 tunc
956 1793 1129 1836 demum
1149 1795 1300 1853 dignus
1319 1795 1425 1846 eris,
1449 1795 1521 1853 qui
1545 1795 1734 1849 consola-

366 1860 528 1904 tionem
552 1860 732 1917 accipias
751 1860 794 1902 in
811 1862 927 1903 omni
945 1863 1231 1910 tribulatione.
1254 1866 1307 1907 Et
1327 1873 1471 1921 tamen
1493 1880 1579 1908 non
1596 1865 1733 1909 omnis

366 1930 507 1988 passio
533 1930 660 1987 digna
682 1932 973 1974 consolatione
996 1941 1058 1976 est
1083 1948 1094 1975 ε
1120 1935 1195 1976 sed
1219 1949 1311 1991 quae
1336 1934 1473 1993 passio
1493 1950 1571 1994 per
1593 1934 1734 1979 Chris-

364 2013 457 2044 tum
478 2009 557 2050 est,
584 2001 673 2043 haec
697 2002 1032 2046 consolationem
1053 2003 1210 2047 Christi
1232 2013 1434 2050 meretur.

425 2068 652 2113 XXXVII.
671 2070 854 2115 Pulchre
877 2081 1019 2115 autern
1043 2074 1228 2117 addidit:
1247 2093 1262 2114 α
1283 2074 1530 2130 Secundum
1551 2077 1732 2121 verbum

366 2149 519 2183 »tuum
542 2156 661 2183 servo
688 2150 775 2184 tuo.
805 2161 821 2182 n
861 2143 955 2201 Ipse
979 2144 1093 2186 enim
1115 2144 1323 2188 Dominus
1350 2156 1428 2205 pro
1457 2162 1534 2190 suo
1559 2147 1732 2206 nomine

365 2210 655 2269 praeliantibus
677 2212 880 2254 auxilium
900 2214 1127 2271 pollicetur
1149 2215 1292 2258 dicens
1316 2232 1326 2258 ε
1358 2213 1374 2256 α’
1397 2215 1505 2268 Cum
1529 2232 1630 2275 ergo
1650 2225 1731 2260 tra-

369 2299 386 2321 »
401 2281 503 2323 dent
530 2295 622 2330 vos,
646 2282 778 2325 nolite
801 2284 1003 2341 cogitare,
1029 2286 1244 2342 quomodo
1262 2294 1333 2329 aut
1355 2286 1457 2344 quid
1473 2288 1728 2344 loquamini}

365 2352 568 2394 »dabitur
605 2353 718 2395 enim
756 2354 874 2396 vobis
906 2355 948 2397 in
979 2355 1049 2397 illa
1078 2355 1182 2398 hora
1218 2356 1321 2413 quid
1353 2358 1598 2415 loquamini.
1619 2356 1731 2402 ¹Non

363 2440 381 2463 ι
394 2422 508 2464 enim
524 2438 597 2465 vos
615 2424 713 2466 estis
730 2425 800 2481 qui
818 2425 1056 2482 loquimini,
1078 2427 1151 2469 sed
1167 2427 1290 2470 Pater
1310 2442 1431 2470 meus
1453 2429 1525 2486 qui
1543 2429 1730 2487 loquitur

365 2493 439 2536 »in
458 2493 618 2536 vobis¹.
642 2512 657 2533 »
691 2495 800 2553 Ergo
826 2511 881 2538 ne
906 2496 1087 2555 impares
1109 2498 1239 2541 simus
1265 2499 1513 2550 certamini,
1539 2500 1728 2550 divinum

366 2577 532 2621 semper
552 2578 721 2608 oremus
740 2566 958 2618 auxilium,
981 2576 1029 2610 ut
1046 2568 1167 2612 nobis
1191 2569 1352 2614 tribuat
1368 2570 1722 2619 adhortationem.

411 2661 426 2691 ε
444 2664 462 2689 a
480 2654 558 2707 Cor.
573 2667 598 2701 ι,
617 2656 687 2693 5-5.
701 2667 773 2707 52
792 2660 914 2701 Matth,
927 2671 960 2708 x,
975 2669 1024 2705 19,
1041 2671 1095 2698 πο.
