1800 3236
319 318 341 359 3
352 332 368 358 1
381 330 408 369 2*
675 346 679 350 -
873 327 905 355 s.
942 326 1133 355 AMBnosu

313 406 543 450 »exultatio
572 405 711 448 cordis
740 405 824 447 mei
858 403 999 447 sunt¹.
1029 404 1199 447 »Etiam
1227 404 1304 448 ista
1338 419 1418 448 vox
1445 395 1679 463 Martyrum

315 485 378 538 est
401 466 678 527 ‚dicentium
709 476 823 533 quod
851 475 1141 519 haereditatem
1173 477 1414 536 acceperint
1446 476 1680 519 coelestium

315 549 669 593 testimoniorum.
699 548 809 590 Dicit
830 563 931 605 ergo
947 548 1156 605 Propheta
1179 564 1189 592 ς
1212 549 1355 592 Haeres
1381 563 1474 592 sum
1503 550 1682 592 manda-

316 629 459 664 torum
489 629 684 669 tuorum,
712 613 1024 664 successionem
1045 629 1161 663 tuam
1190 619 1290 663 fidei
1316 620 1569 680 pietatisque
1589 620 1683 678 jure

318 691 500 748 quaesivi.
522 691 615 733 Non
638 698 776 748 potest
798 686 940 733 dicere
957 690 1068 733 istud
1085 724 1094 739 ‚
1121 691 1198 733 nisi
1224 691 1297 748 qui
1316 692 1514 735 mandata
1540 699 1684 734 custo-

320 762 407 809 dit,
431 762 537 803 coelo
555 769 597 803 et
610 769 717 803 terra
737 761 933 810 testibus,
954 761 1171 818 acquisita.
1193 761 1306 803 Dixit
1323 761 1437 803 enim
1451 761 1683 804 Dominus:

332 850 348 868 u
370 831 481 874 Audi
508 832 663 874 coelum
678 864 690 881 ,
708 839 751 874 et
772 831 942 874 auribus
957 831 1130 889 'percipe
1144 863 1156 880 ,
1181 819 1338 874 terra2.
1361 831 1587 874 »Testatur
1607 831 1686 873 ele-

322 910 465 944 menta
488 901 693 944 Dominus
717 903 768 944 ad
790 903 1104 959 redarguendos
1125 911 1227 951 eos‚‘
1245 901 1316 959 qui
1346 901 1561 944 noluerint
1578 915 1690 960 prae-

325 981 448 1030 cepta
467 972 605 1028 divina
628 968 815 1021 servare3
839 980 888 1014 ut
912 971 1071 1030 refugia
1095 973 1238 1015 omnia
1260 972 1542 1016 excusationis
1565 972 1690 1015 obse-

323 1042 423 1100 piat.
452 1043 649 1085 Testatur
682 1052 724 1085 et
750 1043 944 1086 homines
961 1075 971 1092 ,
997 1043 1171 1086 dicens:
1193 1061 1209 1083 «
1229 1044 1374 1087 Estote
1401 1043 1506 1087 mihi
1532 1051 1659 1086 testes
1676 1074 1690 1092 ‚

326 1122 397 1155 »et
428 1128 505 1171 ego
543 1114 682 1167 testis,
713 1113 816 1156 dicit
843 1113 1089 1156 Dominus³.
1127 1132 1143 1154 »
1165 1114 1367 1159 Mandata
1392 1129 1492 1172 ergo
1521 1113 1693 1157 Domini

329 1185 454 1241 plena
483 1184 881 1239 sunttestimoniis,
914 1192 957 1226 et
978 1185 1066 1242 ipsa
1092 1193 1190 1228 sunt
1217 1185 1456 1228 testimonia
1473 1217 1485 1234 ‚
1512 1199 1694 1242 quorum

329 1254 428 1296 satis
445 1254 622 1313 idoneus
640 1254 756 1297 testis
773 1263 836 1297 est
850 1287 859 1300 .
879 1254 1054 1312 quinon
1071 1255 1275 1297 mentitur
1284 1256 1398 1298 Deus
1413 1289 1424 1305 ,
1441 1257 1554 1313 apud
1568 1268 1696 1313 quem

327 1332 374 1382 et
397 1324 655 1367 conscientia
677 1332 747 1378 tua
774 1325 890 1367 testis
912 1333 996 1374 est,
1022 1325 1347 1383 cogitationibus
1369 1325 1664 1369 accusantibus
1683 1359 1694 1375 ‚

333 1402 407 1436 aut
427 1395 554 1437 etiam
580 1394 925 1445 defendentibus,
950 1387 1047 1438 satis
1069 1395 1205 1446 fidelis
1227 1397 1354 1438 etiam
1373 1396 1415 1438 in
1441 1395 1573 1439 infido
1594 1411 1700 1456 pee-

335 1473 454 1515 tore;
479 1466 680 1523 quoniam
710 1467 916 1509 arbitrum
946 1467 1138 1509 omnium
1169 1482 1450 1525 quaecumque
1477 1467 1698 1511 commissa

335 1544 456 1585 sunt,
478 1538 609 1579 latere
630 1552 715 1579 non
736 1545 925 1594 possunt.
951 1537 1057 1580 Nam
1075 1538 1108 1580 si
1126 1538 1166 1580 in
1184 1538 1346 1596 judicio
1363 1539 1552 1581 terrestri
1572 1539 1700 1581 etiam

335 1609 370 1653 is
393 1609 464 1666 qui
482 1610 535 1651 ad
555 1608 848 1650 mentiendum
870 1608 1031 1651 venerit
1056 1609 1331 1658 subornatus,
1355 1618 1498 1653 tamen
1521 1610 1555 1652 si
1581 1610 1701 1653 testi--

337 1678 481 1723 monio
505 1678 631 1720 fuerit
653 1677 871 1720 convictus
895 1678 1092 1727 alterius,
1115 1681 1222 1722 solet
1243 1680 1426 1737 prodere
1455 1679 1698 1729 veritatem;

338 1757 497 1807 quanto
514 1749 645 1806 magis
662 1748 705 1790 in
728 1748 888 1806 judicio
916 1750 1075 1792 coelesti
1093 1751 1205 1808 apud
1224 1750 1454 1793 Dominum
1468 1750 1616 1793 Jesum
1633 1765 1703 1793 ne-

339 1834 456 1862 cesse
489 1819 618 1861 habet
649 1834 741 1875 quae
773 1834 871 1861 vera
909 1827 1008 1862 sunt
1044 1818 1269 1869 confiteri,
1299 1836 1426 1877 quem
1454 1821 1570 1864 novit
1595 1821 1705 1865 scire

338 1891 453 1947 quod
470 1889 629 1931 sactum
650 1888 746 1931 est?
958 1886 972 1900 “
1215 1898 1220 1904 “

1651 1916 1661 1932 f

395 1960 507 2003 XLI.
546 1960 718 2002 Etbene
737 1959 791 2002 ait
809 1975 818 2001 ε
836 1960 1116 2003 «Haereditate
1129 1961 1299 2018 quaesivi
1314 1962 1551 2005 testimonia
1571 1971 1639 2005 tua
1651 1979 1663 2011 3
1678 1980 1694 2002 n

340 2032 541 2090 quoniam
568 2031 678 2073 sicut
704 2039 799 2073 ante
822 2030 1010 2073 haeredes
1030 2031 1185 2074 fuimus
1211 2033 1444 2089 peccatoris
1471 2049 1481 2075 :
1506 2033 1563 2076 ita
1589 2047 1705 2075 nunc

338 2103 528 2146 haeredes
545 2117 689 2144 sumus
714 2101 883 2143 Christi.
907 2102 981 2144 Illa
997 2101 1075 2144 fuit
1094 2102 1320 2144 criminum
1336 2136 1347 2151 ‚
1360 2103 1451 2146 haec
1463 2112 1526 2146 est
1541 2103 1706 2147 virtutis

340 2173 562 2217 haereditas
588 2187 597 2214 :
624 2173 693 2214 illa
724 2187 800 2214 nos
830 2172 1055 2230 obligavit,
1086 2173 1178 2215 haec
1210 2174 1332 2216 solvit
1357 2189 1366 2215 :
1400 2174 1469 2216 illa
1500 2176 1707 2217 obaeratos

337 2246 500 2288 soenore
518 2244 769 2286 delictorum
790 2243 1047 2300 adjudicavit
1069 2243 1264 2293 inimico,
1287 2244 1374 2287 haec
1397 2245 1639 2302 redemptos
1659 2243 1709 2287 ti-

337 2318 426 2360 tulo
448 2316 671 2359 dominicae
695 2314 898 2373 passionis
917 2314 1086 2357 Christo
1109 2315 1341 2372 acquisivit.
1367 2316 1474 2358 Mala
1499 2316 1595 2359 Evae
1614 2297 1706 2358 sug-

336 2386 471 2446 ·cessio
496 2393 631 2429 totum
648 2386 865 2428 hominem
889 2385 1118 2428 devorabat
1144 2401 1154 2427 :
1181 2387 1382 2444 praeclara
1407 2386 1561 2429 Christi
1577 2386 1708 2429 haere-

338 2457 444 2498 ditas
461 2464 599 2499 totum
618 2456 835 2499 hominem
851 2455 1058 2499 liberavit.
1081 2455 1174 2498 Non
1191 2456 1243 2498 ad
1261 2470 1391 2498 unum
1410 2456 1580 2513 quidem
1594 2489 1605 2505 ‚
1620 2471 1707 2498 non

335 2528 387 2571 ad
408 2541 568 2584 paucos
588 2542 598 2566 ε
618 2527 693 2569 sed
714 2527 767 2569 ad
793 2541 943 2569 omnes
967 2526 1287 2569 Testamentum
1310 2541 1433 2570 suum
1453 2526 1621 2585 scripsit
1638 2525 1707 2568 Je-

340 2614 421 2643 sus.
449 2599 609 2642 Omnes
629 2598 774 2659 scripti
795 2598 988 2642 haeredes
1006 2613 1152 2642 sumus
1174 2614 1260 2642 non
1289 2613 1366 2657 pro
1389 2599 1606 2658 portione,
1631 2599 1706 2647 sed

380 2699 389 2715 ¹
410 2690 495 2726 Psat.
513 2702 719 2733 cxv111,111.
735 2710 775 2719 --
790 2702 803 2718 ²
819 2692 897 2728 lsai.
914 2703 937 2731 ι,
963 2703 996 2727 2.
1017 2710 1057 2717 -
1077 2694 1090 2721 ὃ
1105 2691 1154 2727 Id.
1173 2703 1267 2735 xuu,
1288 2701 1336 2726 io.
