1800 3236
331 253 420 312 370
880 247 916 298 s.
955 261 1148 300 ninnosn

328 345 411 389 Per
447 345 583 389 femur
612 347 726 390 enim
761 346 922 406 insigne
953 350 1236 407 generationis
1269 338 1556 409 agnoscimus,
1577 339 1697 419 juxta

327 415 462 460 illud·
480 435 495 457 α
521 417 754 477 Accingere
780 418 966 477 gladium
992 429 1110 464 tuum
1136 421 1297 472 circum
1293 386 1468 472 tlemur,
1484 417 1699 493 potentis-

331 487 490 531 »sime¹
516 505 660 547 :nquo
692 489 952 548 significatur
987 491 1102 549 quod
1131 491 1276 536 Filius
1297 481 1374 536 'Dei
1410 509 1509 537 cum
1546 503 1700 562 semet-

329 557 468 624 ipsum
489 560 767 610 exinanisset,
796 560 925 606 Verbi
957 562 1173 606 accinctus
1198 544 1478 618 divinitatem,
1503 556 1700 625 01330330-

330 629 538 672 rationem
567 632 778 674 calceatus
806 631 1064 683 humanam,
1094 634 1284 692 prodiret
1307 649 1357 677 ex
1385 633 1578 697 Virgine,
1603 652 1701 680 om-

330 701 457 744 nibus
474 703 649 746 daturus
674 704 866 747 salutem.
884 703 1044 748 Meduli
1068 714 1210 747 autem
1229 703 1430 750 dicuntur
1451 717 1699 752 ornamenta

328 772 512 831 pretiosa
554 789 646 833 quae
691 776 889 834 suspendi
931 782 1224 819 matronarum
1267 763 1503 849 cervicibus
1545 772 1694 849 solent.

330 845 491 889 Tantus
513 862 613 905 ergo
631 861 852 905 processus
868 847 1068 890 Ecclesiae
1092 846 1377 906 significatur;
1407 857 1453 892 ut
1472 841 1702 906 ornamen-

331 915 384 959 tis
408 916 722 974 pretiosissimis
747 927 1016 976 comparatus
1039 919 1116 970 sit,
1112 920 1181 961 ct
1200 908 1423 977 torquibus
1441 909 1702 987 triumphan-

332 985 466 1036 tium3
508 987 598 1031 haec
632 988 744 1031 enim
777 997 1025 1032 ornamenta
1058 997 1156 1032 sunt
1191 989 1460 1057 bellatorum.
1499 981 1625 1038 Unde
1659 999 1703 1035 et

333 1055 619 1114 Symmachus
653 1061 889 1115 ἐπιτραχήλια
920 1060 1046 1108 dicit,
1077 1060 1160 1103 hoc
1193 1068 1282 1111 est,
1302 1076 1406 1118 quae
1449 1059 1548 1104 sunt
1588 1057 1703 1105 cirea

332 1128 504 1171 collum.
542 1129 638 1173 Sive
668 1146 770 1190 ergo
803 1131 1018 1190 generatio
1047 1130 1203 1177 Christi
1231 1146 1282 1174 ex
1303 1130 1498 1203 Virgine,
1520 1124 1609 1175 si'v'e
1626 1117 1704 1175 Ec-

333 1199 471 1242 clesiae
491 1203 769 1260 propagatio,
796 1203 936 1262 specie
957 1201 1127 1260 quidem
1150 1202 1352 1261 tanquam
1375 1219 1505 1247 manu
1531 1191 1704 1247 artificis

332 1263 556 1329 torquibus
579 1274 856 1325 adornatis,v
834 1290 942 1318 verae
962 1283 1105 1318 autem
1128 1275 1294 1318 virtutis
1320 1274 1558 1335 insignibus
1585 1264 1705 1336 spiri-

333 1343 486 1385 talibus
510 1344 695 1388 cervices
720 1345 911 1389 fidelium
939 1346 1172 1390 coronavit.

390 1413 512 1457 XIX.
535 1414 728 1472 Denique
748 1425 831 1459 tota
846 1417 922 1459 ista
942 1416 1170 1476 descriptio
1188 1417 1481 1461 membrorum
1504 1394 1704 1483 Ecclesiae

329 1485 455 1546 *plena
483 1486 647 1529 decoris
666 1496 718 1530 et
748 1489 885 1531 laudis
915 1497 989 1532 est.
1026 1489 1133 1532 Nam
1160 1498 1203 1532 et
1233 1484 1461 1555 umbilicus
1480 1486 1609 1552 ejus
1609 1472 1706 1532 tan-

334 1569 462 1612 quam
490 1565 628 1600 crater
649 1559 858 1602 tornatilis
883 1559 1170 1618 praedicat11r²
1176 1593 1187 1611 ,
1213 1560 1345 1603 mixto
1362 1550 1449 1617 non
1474 1554 1702 1610 deficiens,

335 1640 385 1668 eo
403 1627 554 1684 quod‘
544 1644 585 1671 333
613 1630 727 1672 omni
758 1631 951 1674 doctrina
975 1639 1194 1681 tornatus,
1217 1612 1481 1694 plenitudine
1503 1619 1707 1701 cognitio-

334 1697 425 1747 nis,
449 1706 491 1741 et
516 1708 621 1758 potu
650 1715 737 1743 non
760 1701 930 1745 deficiat
961 1702 1170 1761 spiritali:
1201 1710 1243 1745 et
1262 1710 1410 1744 venter
1429 1717 1521 1760 eJus
1544 1717 1626 1758 non
1642 1678 1707 1745 5ο-

335 1770 424 1812 lum
444 1785 594 1814 acervo
613 1771 756 1821 tritici,
777 1773 819 1815 id
836 1781 915 1822 est,
934 1773 1039 1815 cibis
1056 1770 1301 1817 fortioribus
1319 1767 1500 1816 coelestis
1511 1757 1707 1839 mysterii

337 1840 566 1898 saginetur,
598 1843 875 1885 verumetiam
906 1852 1106 1902 tanquam
1146 1844 1241 1887 liliis
1283 1837 1536 1902 quibusdam
1567 1830 1707 1895 *mora-

336 1911 442 1954 lium
465 1913 670 1956 suavitate
687 1915 913 1973 repleatur.
1210 1923 1213 1926 ’

398 1981 498 2025 ΧΧ.
538 1984 658 2026 Unde
679 1993 722 2028 et
754 1985 841 2044 ipsa
874 1987 1076 2046 tanquam
1101 1987 1361 2031 benemerita
1383 1986 1528 2047 regina
1550 1974 1707 2031 Christi

341 2053 544 2115 sanguine
562 2065 814 2107 coronatur,
840 2057 950 2101 sieut
967 2059 1170 2119 scriptum
1192 2069 1284 2104 est:
1302 2078 1317 2099 α
1332 2056 1386 2102 Et
1407 2066 1581 2115 ornatus
1599 2043 1709 2138 capi-

341 2124 422 2166 »tis
441 2125 500 2167 tui
524 2125 633 2169 sicut
653 2128 869 2186 purpura³
875 2161 886 2172 .
910 2129 1119 2189 »Sanguis
1142 2130 1298 2173 Christi
1320 2119 1509 2189 purpura
1531 2137 1609 2178 est,
1635 2128 1708 2191 qui

334 2181 475 2237 inficit
495 2195 740 2240 sanctorum
759 2199 943 2251 animas,
966 2216 1058 2243 non
1076 2202 1212 2243 solum
1237 2189 1380 2244 colore
1401 2195 1705 2263 resplendens,

342 2266 417 2307 sed
443 2266 569 2309 etiam
590 2276 827 2326 potestate3
858 2271 954 2328 quia
986 2286 1105 2330 reges
1127 2270 1248 2321 facit,
1273 2279 1316 2314 et
1337 2267 1533 2352 meliores
1555 2266 1674 2359 reges
1692 2301 1704 2321 ,

341 2335 495 2394 quibus
517 2353 695 2396 regnum
719 2341 847 2383 donet
872 2349 1095 2385 aeternum.

400 2408 522 2452 XXI.
570 2410 805 2469 Meritoque
837 2414 888 2455 ad
928 2420 1090 2456 tantum
1128 2411 1329 2456 Ecclesiae
1364 2393 1562 2455 decorem
1583 2444 1595 2463 ,
1624 2410 1708 2482 seui

340 2477 536 2521 Christi
518 2494 685 2539 sangnis
703 2481 900 2533 irrutssat
915 2481 1517 2542 Spiritussanctusexclamat:
1531 2469 1707 2535 «Quam

341 2550 546 2609 »pulchra
574 2560 617 2594 et
648 2552 782 2596 suavis
804 2552 915 2597 facta
941 2569 1010 2604 05,
1035 2553 1240 2605 charitas,
1271 2551 1493 2607 in„delic'iis
1517 2551 1623 2619 tuisf
1645 2551 1695 2594 1⁴»

387 2636 504 2676 srsal.
527 2629 615 2685 mv',
631 2643 664 2684 a.
690 2651 731 2671 -·
750 2655 763 2671 2
784 2649 878 2680 cant.
893 2657 954 2687 vn,
970 2639 1004 2680 5.
1025 2643 1064 2672 '-
1083 2647 1096 2672 ³
1112 2646 1206 2681 lbid.
1221 2647 1250 2679 5.
1270 2664 1311 2671 -
1330 2636 1495 2679 41bid.6'.
