1800 3236
414 332 632 363 sxrosrrlo
662 332 707 363 m
736 320 925 364 ”anuuit
956 334 1100 366 cxvm.
1344 318 1432 381 473

132 412 254 469 xm.
287 411 398 458 Cum
428 412 539 457 hanc
562 413 691 472 igitur
719 413 894 471 januam
921 414 1176 473 pulsaveris,
1205 414 1302 458 vide
1325 430 1434 474 quo-

75 485 206 530 modo
228 482 494 544 ingrediaris:
519 498 575 527 ne
595 482 704 527 sorte
727 492 773 532 et
795 484 883 542 jam
908 484 1144 544 ingressus,
1166 494 1284 529 extra
1310 500 1437 529 cons-

77 567 251 616 pectum
272 553 383 613 regis
403 553 472 598 sis.
492 552 614 597 Multi
635 554 930 613 ingrediuntur
944 556 1114 614 palatia,
1130 564 1176 599 et
1193 571 1279 600 non
1294 556 1436 601 statim

77 618 223 686 regem
241 624 370 670 istum
391 631 608 667 terrenum
622 624 769 669 vident
791 641 804 668 :
826 627 902 669 sed
921 626 1167 685 frequenter
1185 627 1434 677 observant3

77 702 130 743 tit
141 695 370 754 aliquando
382 694 527 739 videre
537 702 794 739 mereantur.
811 695 898 740 Nec
910 705 1173 756 praesumunt
1183 696 1355 740 videndi
1369 710 1437 740 co·

78 763 230 825 piant:
251 765 328 812 sed
344 763 451 823 jussi
479 773 861 823 repraesentantur,
891 775 935 809 et
954 768 1124 825 precem
1153 767 1361 816 sunduut;
1390 774 1439 810 ut

29 878 39 885 ,
68 850 184 898 veum
193 834 487 886 benevolentia
496 835 794 894 suscipiantur.
808 836 974 880 Primus
990 837 1054 880 sui
1063 837 1271 880 sermonis
1285 837 1441 895 ingres-

0 931 29 976 ss,
75 918 156 959 ,oue
172 916 263 957 est.
289 921 345 950 ne
361 906 468 965 quid
485 906 666 954 titubet.
687 922 742 950 ne
761 907 865 965 quid
887 907 1087 952 offendat.
1114 908 1286 961 Quanto
1309 907 1440 989 magis

81 979 295 1038 rog-ndns
313 986 380 1023 est
394 978 536 1028 Deus,
558 987 608 1021 ut
626 978 783 1022 estium
804 978 1083 1023 misericodiae
1106 994 1193 1023 suae
1212 988 1356 1022 nestra
1374 979 1443 1022 in-

82 1048 301 1108 vedintur
313 1048 477 1092 oratio?
494 1048 689 1107 Denique
702 1057 747 1093 et
764 1049 920 1093 Paulus
937 1058 1057 1109 rogat
1075 1059 1124 1094 ut
1140 1050 1352 1109 aperiatur
1364 1049 1444 1094 sibi

84 1119 240 1164 ostium
263 1119 384 1163 verbi
406 1121 460 1163 ad
474 1116 736 1178 loquendum
752 1120 1001 1178 mysterium
1020 1121 1218 1165 Christi&

142 1189 258 1236 xlv.
294 1188 382 1234 Sed
410 1190 509 1248 quia
541 1206 702 1249 graecus
729 1190 885 1242 habet,
905 1197 950 1234 Ee
955 1194 1102 1234 σελθέτυ
1120 1192 1339 1248 ἀξίωμάμω,
1361 1191 1445 1235 hoc

78 1257 149 1310 *est
171 1261 369 1307 :dntret
390 1261 572 1321 dignitas
593 1277 715 1311 mea;
744 1262 874 1306 »licet
900 1263 1087 1320 potuerit
1106 1272 1151 1306 et
1172 1263 1355 1322 scriptor
1378 1278 1449 1305 er-

79 1339 210 1383 rare,
222 1333 436 1378 :etsseerit
449 1333 616 1382 ωξίυσις,
633 1332 718 1376 hoc
733 1341 799 1376 est
812 1366 825 1383 ,
839 1332 1129 1392 «Deprecatio
1147 1349 1160 1378 ε
1179 1353 1197 1375 ι
1209 1334 1352 1377 tamen
1365 1332 1450 1376 hoc

86 1410 260 1462 quoque
277 1405 580 1463 explanemus3
603 1412 651 1446 ut
671 1418 908 1462 possumus.
933 1403 1097 1462 Nempe
1118 1419 1218 1447 cum
1231 1403 1450 1448 hominem

2 1522 5 1523 ⁷
87 1488 233 1532 mgom
260 1487 410 1532 rogas,
444 1473 550 1516 dicis
581 1481 630 1516 ut
657 1473 1066 1531 contemplationem
1096 1474 1252 1517 habeat
1278 1474 1452 1517 honoris

0 1602 2 1605 .
85 1544 177 1594 -tni,
198 1551 344 1602 tangat
364 1558 465 1586 eum
487 1551 573 1586 tuae
591 1542 895 1601 contemplatio
912 1542 1126 1600 dignitatis
1137 1560 1151 1593 ς
1172 1552 1222 1587 nt
1236 1551 1310 1586 aut
1323 1543 1451 1586 mise-

88 1614 301 1663 renum-si
315 1614 436 1657 venia
452 1623 517 1657 est
536 1615 789 1673 postulanda
805 1629 817 1656 :
835 1622 909 1657 aut
928 1614 1090 1657 deferat
1098 1630 1176 1673 pro
1192 1615 1341 1658 ordine
1358 1615 1452 1673 dig-

90 1684 248 1729 nitatis.
262 1684 318 1727 Et
331 1684 437 1742 quid
448 1684 605 1733 dicam,
627 1683 780 1742 rogas?
800 1684 871 1727 Sic
893 1685 1183 1743 unusquisque
1202 1685 1454 1743 ingreditur,

4 1788 7 1789 ν
92 1763 143 1799 nt
156 1754 430 1813 dignitatibus
453 1754 680 1798 deseratur.
696 1754 829 1798 Recte
843 1769 945 1813 ergo
965 1763 1009 1797 et
1024 1756 1199 1798 devotus
1213 1755 1304 1798 Deo
1320 1754 1423 1798 dicit
1441 1770 1452 1797 :

105 1842 124 1865 ι
142 1825 279 1868 Intret
292 1824 473 1883 dignitas
495 1839 592 1867 mea
603 1839 748 1867 coram
764 1832 821 1867 te.
834 1842 852 1863 ι
862 1824 1000 1867 Habet
1015 1832 1058 1866 et
1079 1824 1341 1867 Christianus
1363 1824 1457 1883 dig-

88 1892 271 1939 nitatem
289 1910 434 1945 suam,
456 1894 531 1952 qui
551 1902 669 1937 tanto
693 1894 936 1952 imperatori
950 1894 1117 1937 militat.
1188 1940 1194 1944 ,

144 1964 263 2009 *XVs
283 1964 394 2009 Sunt
417 1965 611 2008 maximae
629 1976 675 2008 et
695 1981 804 2008 verae
818 1964 918 2007 fidei
939 1965 1164 2023 dignitates
1176 1998 1189 2015 ,
1213 1973 1312 2008 sunt
1325 1965 1458 2009 hono-

95 2035 358 2079 rumdiversi
372 2044 417 2078 et
432 2036 546 2094 apud
562 2035 779 2078 Christum
790 2035 973 2078 ordines.
989 2052 1008 2074 ι
1019 2035 1165 2077 Posuit
1175 2035 1289 2078 Deus
1308 2035 1353 2077 in
1375 2035 1460 2078 Ec-

96 2105 253 2149 »etesia
273 2106 413 2164 primo
434 2105 682 2164 Apostolos,
715 2103 904 2148 secundo
925 2104 1178 2161 Prophetas,
1204 2104 1329 2147 tertio
1351 2103 1461 2146 Doc-

38 2184 49 2190 ”
98 2194 117 2218 a
129 2175 279 2221 tores'.
299 2195 317 2218 ι
329 2175 417 2220 Sed
436 2176 525 2239 istze
546 2174 932 2220 administrantium
949 2174 1184 2232 dignitates.
1206 2173 1317 2217 Sunt
1330 2173 1459 2216 etiam

98 2247 359 2308 privatorum
378 2281 391 2298 ,
412 2257 462 2291 ut
487 2255 550 2290 est
582 2247 737 2306 pietas,
767 2246 945 2304 justitia,
979 2245 1209 2294 sobrietas,
1252 2244 1455 2287 castimo-

85 2316 195 2367 ⁴nia,
217 2317 451 2376 disciplina.
472 2315 582 2360 Sunt
600 2317 728 2359 etiam
744 2314 945 2358 orationis
967 2314 1190 2373 dignitates
1213 2330 1224 2356 ι
1248 2314 1282 2356 si
1304 2327 1382 2372 pro
1398 2313 1462 2356 vi-

100 2387 184 2431 dua
204 2402 351 2445 roges,
371 2387 405 2430 si
425 2401 546 2446 roges
566 2402 644 2446 pro
658 2386 821 2445 pupillo
834 2419 846 2435 ,
871 2386 904 2428 si
926 2400 1047 2443 roges
1070 2399 1148 2443 pro
1168 2383 1432 2427 misericordi
1444 2415 1457 2432 ,

102 2458 273 2516 siroges
293 2473 372 2516 pro
394 2457 573 2500 nimium
594 2459 748 2500 devoto
773 2471 822 2499 ac
843 2455 959 2498 fideli
983 2471 995 2498 ε
1024 2455 1059 2497 si
1085 2469 1207 2521 roges
1227 2454 1271 2496 in
1291 2453 1465 2495 tribula-

19 2558 23 2579 ;
102 2529 219 2572 tione
232 2560 246 2578 ,
264 2543 386 2586 roges
405 2542 506 2571 cum
526 2529 672 2571 dolore
684 2559 697 2577 ,
717 2528 751 2570 si
772 2534 923 2569 moesto
939 2533 985 2569 et
999 2525 1088 2583 ipse
1107 2524 1181 2582 qui
1202 2539 1323 2582 rogas
1343 2537 1467 2565 com-

105 2598 275 2659 patiaris
316 2597 498 2647 affectu,
541 2598 671 2642 intrat
702 2598 838 2640 oratio
877 2605 951 2640 tua
982 2595 1059 2641 Dei
1094 2594 1308 2654 gratiam:
1338 2593 1470 2637 intrat

154 2699 165 2716 ¹
197 2684 323 2725 eden.
352 2699 401 2731 iv,
423 2689 459 2724 5.
481 2681 568 2732 -Ξ
599 2700 613 2722 ι
645 2689 726 2724 Cer.
757 2699 827 2729 ιιι,
857 2688 912 2723 28.
