<?xml version="1.0" encoding="UTF-8"?>
<!DOCTYPE html PUBLIC "-//W3C//DTD XHTML 1.0 Transitional//EN"
    "http://www.w3.org/TR/xhtml1/DTD/xhtml1-transitional.dtd">
<html xmlns="http://www.w3.org/1999/xhtml" xml:lang="en" lang="en">
 <head>
  <title>
</title>
<meta http-equiv="Content-Type" content="text/html;charset=utf-8" />
  <meta name='ocr-system' content='tesseract 3.04.00' />
  <meta name='ocr-capabilities' content='ocr_page ocr_carea ocr_par ocr_line ocrx_word'/>
</head>
<body>
  <div class='ocr_page' id='page_1' title='image "./omniaequaeextant04ambruoft_0038.png"; bbox 0 0 1800 3236; ppageno 0'>
   <div class='ocr_carea' id='block_1_1' title="bbox 408 310 1221 351">
    <p class='ocr_par' dir='ltr' id='par_1_1' title="bbox 408 310 1221 351">
     <span class='ocr_line' id='line_1_1' title="bbox 408 310 1221 351; baseline -0.004 0"><span class='ocrx_word' id='word_1_1' title='bbox 408 310 462 351; x_wconf 88' lang='lat'>28</span> <span class='ocrx_word' id='word_1_2' title='bbox 789 340 793 343; x_wconf 19' lang='grc' dir='ltr'><em>κ</em></span> <span class='ocrx_word' id='word_1_3' title='bbox 958 322 990 348; x_wconf 83' lang='lat' dir='ltr'>s.</span> <span class='ocrx_word' id='word_1_4' title='bbox 1030 319 1221 348; x_wconf 73' lang='lat' dir='ltr'>Amnnosu</span> 
     </span>
    </p>
   </div>
   <div class='ocr_carea' id='block_1_2' title="bbox 379 398 1790 2584">
    <p class='ocr_par' dir='ltr' id='par_1_2' title="bbox 379 398 1790 2584">
     <span class='ocr_line' id='line_1_2' title="bbox 407 398 1771 459; baseline -0.001 -15"><span class='ocrx_word' id='word_1_5' title='bbox 407 402 450 444; x_wconf 91' lang='lat' dir='ltr'>in</span> <span class='ocrx_word' id='word_1_6' title='bbox 470 401 691 459; x_wconf 89' lang='lat' dir='ltr'>juventute</span> <span class='ocrx_word' id='word_1_7' title='bbox 717 414 803 443; x_wconf 90' lang='lat' dir='ltr'>non</span> <span class='ocrx_word' id='word_1_8' title='bbox 831 407 1160 458; x_wconf 81' lang='lat' dir='ltr'>cognoscantur,</span> <span class='ocrx_word' id='word_1_9' title='bbox 1184 414 1278 457; x_wconf 85' lang='lat' dir='ltr'>quae</span> <span class='ocrx_word' id='word_1_10' title='bbox 1303 407 1402 449; x_wconf 89' lang='lat' dir='ltr'>sunt</span> <span class='ocrx_word' id='word_1_11' title='bbox 1424 413 1547 442; x_wconf 86' lang='lat' dir='ltr'>secus</span> <span class='ocrx_word' id='word_1_12' title='bbox 1569 398 1656 442; x_wconf 83' lang='lat' dir='ltr'>vias</span> <span class='ocrx_word' id='word_1_13' title='bbox 1685 414 1771 443; x_wconf 80' lang='lat' dir='ltr'>ser-</span> 
     </span>
     <span class='ocr_line' id='line_1_3' title="bbox 403 469 1769 532; baseline -0.001 -16"><span class='ocrx_word' id='word_1_14' title='bbox 403 473 540 532; x_wconf 83' lang='lat' dir='ltr'>pentis</span> <span class='ocrx_word' id='word_1_15' title='bbox 557 473 597 515; x_wconf 89' lang='lat' dir='ltr'>in</span> <span class='ocrx_word' id='word_1_16' title='bbox 622 480 762 530; x_wconf 78' lang='lat' dir='ltr'>petra,</span> <span class='ocrx_word' id='word_1_17' title='bbox 781 480 824 514; x_wconf 87' lang='lat' dir='ltr'>et</span> <span class='ocrx_word' id='word_1_18' title='bbox 846 486 967 514; x_wconf 91' lang='lat' dir='ltr'>secus</span> <span class='ocrx_word' id='word_1_19' title='bbox 989 470 1157 514; x_wconf 78' lang='lat' dir='ltr'><strong>semitas</strong></span> <span class='ocrx_word' id='word_1_20' title='bbox 1182 471 1298 514; x_wconf 89' lang='lat' dir='ltr'>navis</span> <span class='ocrx_word' id='word_1_21' title='bbox 1328 469 1596 520; x_wconf 73' lang='lat' dir='ltr'>fluctuantis,</span> <span class='ocrx_word' id='word_1_22' title='bbox 1618 478 1662 514; x_wconf 83' lang='lat' dir='ltr'>et</span> <span class='ocrx_word' id='word_1_23' title='bbox 1681 485 1769 514; x_wconf 84' lang='lat' dir='ltr'>ves-</span> 
     </span>
     <span class='ocr_line' id='line_1_4' title="bbox 404 531 1774 602; baseline -0.001 -16"><span class='ocrx_word' id='word_1_24' title='bbox 404 544 503 602; x_wconf 82' lang='lat' dir='ltr'>tigia</span> <span class='ocrx_word' id='word_1_25' title='bbox 522 543 697 586; x_wconf 86' lang='lat' dir='ltr'>volantis</span> <span class='ocrx_word' id='word_1_26' title='bbox 724 542 892 600; x_wconf 83' lang='lat' dir='ltr'>aquilae,</span> <span class='ocrx_word' id='word_1_27' title='bbox 921 556 1015 600; x_wconf 86' lang='lat' dir='ltr'>quae</span> <span class='ocrx_word' id='word_1_28' title='bbox 1036 558 1198 601; x_wconf 84' lang='lat' dir='ltr'>ungues</span> <span class='ocrx_word' id='word_1_29' title='bbox 1221 558 1390 600; x_wconf 83' lang='lat' dir='ltr'>asperos</span> <span class='ocrx_word' id='word_1_30' title='bbox 1410 531 1559 591; x_wconf 69' lang='lat' dir='ltr'>habet‘,</span> <span class='ocrx_word' id='word_1_31' title='bbox 1583 541 1774 600; x_wconf 69' lang='lat' dir='ltr'>praedam&#39;</span> 
     </span>
     <span class='ocr_line' id='line_1_5' title="bbox 404 611 1775 670; baseline -0.001 -14"><span class='ocrx_word' id='word_1_32' title='bbox 404 613 604 662; x_wconf 84' lang='lat' dir='ltr'>includit,</span> <span class='ocrx_word' id='word_1_33' title='bbox 631 621 672 655; x_wconf 86' lang='lat' dir='ltr'>et</span> <span class='ocrx_word' id='word_1_34' title='bbox 693 627 819 670; x_wconf 84' lang='lat' dir='ltr'>supra</span> <span class='ocrx_word' id='word_1_35' title='bbox 841 613 976 655; x_wconf 86' lang='lat' dir='ltr'>nubes</span> <span class='ocrx_word' id='word_1_36' title='bbox 993 614 1131 663; x_wconf 84' lang='lat' dir='ltr'>volat,</span> <span class='ocrx_word' id='word_1_37' title='bbox 1156 613 1198 655; x_wconf 93' lang='lat' dir='ltr'>in</span> <span class='ocrx_word' id='word_1_38' title='bbox 1218 616 1313 656; x_wconf 70' lang='lat' dir='ltr'>aere</span> <span class='ocrx_word' id='word_1_39' title='bbox 1333 620 1471 662; x_wconf 82' lang='lat' dir='ltr'>errat,</span> <span class='ocrx_word' id='word_1_40' title='bbox 1495 612 1666 656; x_wconf 85' lang='lat' dir='ltr'>inmari</span> <span class='ocrx_word' id='word_1_41' title='bbox 1690 611 1775 670; x_wconf 88' lang='lat' dir='ltr'>pis-</span> 
     </span>
     <span class='ocr_line' id='line_1_6' title="bbox 392 680 1778 744; baseline -0.001 -16"><span class='ocrx_word' id='word_1_42' title='bbox 392 680 499 728; x_wconf 84' lang='lat' dir='ltr'>cem</span> <span class='ocrx_word' id='word_1_43' title='bbox 515 683 714 727; x_wconf 84' lang='lat' dir='ltr'>interficit</span> <span class='ocrx_word' id='word_1_44' title='bbox 729 700 741 733; x_wconf 73' lang='grc' dir='ltr'><strong><em>ς</em></strong></span> <span class='ocrx_word' id='word_1_45' title='bbox 761 691 803 726; x_wconf 88' lang='lat' dir='ltr'>et</span> <span class='ocrx_word' id='word_1_46' title='bbox 820 692 961 726; x_wconf 81' lang='lat' dir='ltr'>tamen</span> <span class='ocrx_word' id='word_1_47' title='bbox 984 699 1070 727; x_wconf 92' lang='lat' dir='ltr'>non</span> <span class='ocrx_word' id='word_1_48' title='bbox 1091 693 1155 727; x_wconf 90' lang='lat' dir='ltr'>est</span> <span class='ocrx_word' id='word_1_49' title='bbox 1178 684 1437 742; x_wconf 87' lang='lat' dir='ltr'>impossihile</span> <span class='ocrx_word' id='word_1_50' title='bbox 1454 683 1537 727; x_wconf 87' lang='lat' dir='ltr'>hoc</span> <span class='ocrx_word' id='word_1_51' title='bbox 1553 690 1778 744; x_wconf 24' lang='lat' dir='ltr'>quartum,-</span> 
     </span>
     <span class='ocr_line' id='line_1_7' title="bbox 406 751 1772 813; baseline -0.001 -16"><span class='ocrx_word' id='word_1_52' title='bbox 406 755 515 797; x_wconf 89' lang='lat' dir='ltr'>sicut</span> <span class='ocrx_word' id='word_1_53' title='bbox 537 754 604 796; x_wconf 83' lang='lat' dir='ltr'>illa</span> <span class='ocrx_word' id='word_1_54' title='bbox 629 754 733 803; x_wconf 86' lang='lat' dir='ltr'>tria;</span> <span class='ocrx_word' id='word_1_55' title='bbox 761 754 979 812; x_wconf 85' lang='lat' dir='ltr'><strong>cognoscit</strong></span> <span class='ocrx_word' id='word_1_56' title='bbox 1005 755 1120 797; x_wconf 87' lang='lat' dir='ltr'>enim</span> <span class='ocrx_word' id='word_1_57' title='bbox 1151 755 1359 798; x_wconf 80' lang='lat' dir='ltr'>Dominus</span> <span class='ocrx_word' id='word_1_58' title='bbox 1393 754 1467 813; x_wconf 87' lang='lat' dir='ltr'>qui</span> <span class='ocrx_word' id='word_1_59' title='bbox 1495 762 1594 797; x_wconf 86' lang='lat' dir='ltr'>sunt</span> <span class='ocrx_word' id='word_1_60' title='bbox 1615 751 1772 812; x_wconf 83' lang='lat' dir='ltr'>ipsius,</span> 
     </span>
     <span class='ocr_line' id='line_1_8' title="bbox 406 825 1646 885; baseline -0.001 -16"><span class='ocrx_word' id='word_1_61' title='bbox 406 835 448 869; x_wconf 89' lang='lat' dir='ltr'>et</span> <span class='ocrx_word' id='word_1_62' title='bbox 466 827 555 869; x_wconf 87' lang='lat' dir='ltr'>vult</span> <span class='ocrx_word' id='word_1_63' title='bbox 580 834 627 868; x_wconf 89' lang='lat' dir='ltr'>ut</span> <span class='ocrx_word' id='word_1_64' title='bbox 644 826 749 868; x_wconf 82' lang='lat' dir='ltr'>sciat</span> <span class='ocrx_word' id='word_1_65' title='bbox 765 841 809 868; x_wconf 87' lang='lat' dir='ltr'>se</span> <span class='ocrx_word' id='word_1_66' title='bbox 830 825 1142 884; x_wconf 88' lang='lat' dir='ltr'>unusquisque,</span> <span class='ocrx_word' id='word_1_67' title='bbox 1163 827 1267 869; x_wconf 87' lang='lat' dir='ltr'>sciat</span> <span class='ocrx_word' id='word_1_68' title='bbox 1291 842 1335 869; x_wconf 88' lang='lat' dir='ltr'>se</span> <span class='ocrx_word' id='word_1_69' title='bbox 1353 826 1538 885; x_wconf 87' lang='lat' dir='ltr'>populus</span> <span class='ocrx_word' id='word_1_70' title='bbox 1557 825 1646 869; x_wconf 90' lang='lat' dir='ltr'>Dei.</span> 
     </span>
     <span class='ocr_line' id='line_1_9' title="bbox 465 894 1778 955; baseline -0.002 -14"><span class='ocrx_word' id='word_1_71' title='bbox 465 895 598 941; x_wconf 89' lang='lat' dir='ltr'>XVII.</span> <span class='ocrx_word' id='word_1_72' title='bbox 637 895 722 940; x_wconf 89' lang='lat' dir='ltr'>Sed</span> <span class='ocrx_word' id='word_1_73' title='bbox 745 905 834 940; x_wconf 90' lang='lat' dir='ltr'>esto</span> <span class='ocrx_word' id='word_1_74' title='bbox 856 912 941 939; x_wconf 92' lang='lat' dir='ltr'>non</span> <span class='ocrx_word' id='word_1_75' title='bbox 959 895 1272 955; x_wconf 76' lang='lat' dir='ltr'>cognoscantur</span> <span class='ocrx_word' id='word_1_76' title='bbox 1289 896 1523 939; x_wconf 80' lang='lat' dir='ltr'><strong>errantium</strong></span> <span class='ocrx_word' id='word_1_77' title='bbox 1544 895 1646 945; x_wconf 82' lang='lat' dir='ltr'>viae,</span> <span class='ocrx_word' id='word_1_78' title='bbox 1665 894 1778 939; x_wconf 80' lang='lat' dir='ltr'>sicut</span> 
     </span>
     <span class='ocr_line' id='line_1_10' title="bbox 379 965 1778 1025; baseline 0.001 -18"><span class='ocrx_word' id='word_1_79' title='bbox 379 1005 383 1007; x_wconf 78' lang='grc'>.</span> <span class='ocrx_word' id='word_1_80' title='bbox 408 968 511 1010; x_wconf 89' lang='lat' dir='ltr'>dicit</span> <span class='ocrx_word' id='word_1_81' title='bbox 529 967 756 1010; x_wconf 81' lang='lat' dir='ltr'>Dominus:</span> <span class='ocrx_word' id='word_1_82' title='bbox 773 965 893 1011; x_wconf 88' lang='lat' dir='ltr'>«Non</span> <span class='ocrx_word' id='word_1_83' title='bbox 912 967 1009 1010; x_wconf 87' lang='lat' dir='ltr'>novi</span> <span class='ocrx_word' id='word_1_84' title='bbox 1034 983 1125 1017; x_wconf 80' lang='lat' dir='ltr'>voS‚</span> <span class='ocrx_word' id='word_1_85' title='bbox 1149 966 1353 1010; x_wconf 81' lang='lat' dir='ltr'><strong>discedite</strong></span> <span class='ocrx_word' id='word_1_86' title='bbox 1371 982 1394 1009; x_wconf 81' lang='lat' dir='ltr'>a</span> <span class='ocrx_word' id='word_1_87' title='bbox 1411 981 1480 1009; x_wconf 90' lang='lat' dir='ltr'>me</span> <span class='ocrx_word' id='word_1_88' title='bbox 1491 965 1672 1025; x_wconf 80' lang='lat' dir='ltr'>operarii</span> <span class='ocrx_word' id='word_1_89' title='bbox 1693 965 1778 1008; x_wconf 87' lang='lat' dir='ltr'>ini-</span> 
     </span>
     <span class='ocr_line' id='line_1_11' title="bbox 407 1035 1778 1096; baseline -0.001 -17"><span class='ocrx_word' id='word_1_90' title='bbox 407 1057 423 1079; x_wconf 80' lang='lat'>»</span> <span class='ocrx_word' id='word_1_91' title='bbox 437 1037 630 1096; x_wconf 87' lang='lat' dir='ltr'>quitatis¹</span> <span class='ocrx_word' id='word_1_92' title='bbox 651 1054 660 1079; x_wconf 71' lang='grc' dir='ltr'>ε</span> <span class='ocrx_word' id='word_1_93' title='bbox 678 1058 693 1078; x_wconf 85' lang='grc'>»</span> <span class='ocrx_word' id='word_1_94' title='bbox 714 1038 785 1081; x_wconf 90' lang='lat' dir='ltr'>hic</span> <span class='ocrx_word' id='word_1_95' title='bbox 803 1047 944 1081; x_wconf 83' lang='lat' dir='ltr'>autem</span> <span class='ocrx_word' id='word_1_96' title='bbox 965 1038 1160 1096; x_wconf 88' lang='lat' dir='ltr'>juvenior</span> <span class='ocrx_word' id='word_1_97' title='bbox 1178 1038 1250 1095; x_wconf 88' lang='lat' dir='ltr'>qui</span> <span class='ocrx_word' id='word_1_98' title='bbox 1273 1045 1412 1096; x_wconf 89' lang='lat' dir='ltr'>potest</span> <span class='ocrx_word' id='word_1_99' title='bbox 1430 1037 1645 1095; x_wconf 80' lang='lat' dir='ltr'>corrigere</span> <span class='ocrx_word' id='word_1_100' title='bbox 1665 1035 1778 1079; x_wconf 81' lang='lat' dir='ltr'>viam</span> 
     </span>
     <span class='ocr_line' id='line_1_12' title="bbox 409 1106 1782 1166; baseline -0.001 -16"><span class='ocrx_word' id='word_1_101' title='bbox 409 1123 545 1157; x_wconf 82' lang='lat' dir='ltr'>suam,</span> <span class='ocrx_word' id='word_1_102' title='bbox 565 1107 739 1151; x_wconf 84' lang='lat' dir='ltr'>fortasse</span> <span class='ocrx_word' id='word_1_103' title='bbox 765 1108 961 1166; x_wconf 84' lang='lat' dir='ltr'>juvenior</span> <span class='ocrx_word' id='word_1_104' title='bbox 982 1109 1034 1151; x_wconf 90' lang='lat' dir='ltr'>sit</span> <span class='ocrx_word' id='word_1_105' title='bbox 1055 1116 1198 1156; x_wconf 81' lang='lat' dir='ltr'>aetate,</span> <span class='ocrx_word' id='word_1_106' title='bbox 1224 1123 1310 1150; x_wconf 89' lang='lat' dir='ltr'>non</span> <span class='ocrx_word' id='word_1_107' title='bbox 1331 1106 1543 1156; x_wconf 64' lang='lat' dir='ltr'>moribu33</span> <span class='ocrx_word' id='word_1_108' title='bbox 1561 1119 1603 1150; x_wconf 82' lang='lat' dir='ltr'>et</span> <span class='ocrx_word' id='word_1_109' title='bbox 1619 1106 1782 1150; x_wconf 79' lang='lat' dir='ltr'>habeat</span> 
     </span>
     <span class='ocr_line' id='line_1_13' title="bbox 410 1177 1780 1236; baseline -0.001 -16"><span class='ocrx_word' id='word_1_110' title='bbox 410 1179 452 1221; x_wconf 88' lang='lat' dir='ltr'>in</span> <span class='ocrx_word' id='word_1_111' title='bbox 475 1179 612 1236; x_wconf 83' lang='lat' dir='ltr'>primo</span> <span class='ocrx_word' id='word_1_112' title='bbox 631 1178 737 1221; x_wconf 88' lang='lat' dir='ltr'>ssore</span> <span class='ocrx_word' id='word_1_113' title='bbox 755 1179 987 1236; x_wconf 85' lang='lat' dir='ltr'>juventutis</span> <span class='ocrx_word' id='word_1_114' title='bbox 1010 1194 1094 1221; x_wconf 87' lang='lat' dir='ltr'>suae</span> <span class='ocrx_word' id='word_1_115' title='bbox 1117 1177 1293 1220; x_wconf 84' lang='lat' dir='ltr'>senilem</span> <span class='ocrx_word' id='word_1_116' title='bbox 1314 1177 1602 1226; x_wconf 86' lang='lat' dir='ltr'>intellectum,</span> <span class='ocrx_word' id='word_1_117' title='bbox 1620 1177 1674 1220; x_wconf 89' lang='lat' dir='ltr'>de</span> <span class='ocrx_word' id='word_1_118' title='bbox 1694 1191 1780 1234; x_wconf 88' lang='lat' dir='ltr'>quo</span> 
     </span>
     <span class='ocr_line' id='line_1_14' title="bbox 413 1247 1782 1305; baseline 0 -15"><span class='ocrx_word' id='word_1_119' title='bbox 413 1249 468 1291; x_wconf 81' lang='lat' dir='ltr'>ait</span> <span class='ocrx_word' id='word_1_120' title='bbox 488 1264 498 1291; x_wconf 78' lang='grc' dir='ltr'><strong><em>ε</em></strong></span> <span class='ocrx_word' id='word_1_121' title='bbox 523 1267 538 1288; x_wconf 91' lang='lat'>«</span> <span class='ocrx_word' id='word_1_122' title='bbox 558 1249 742 1291; x_wconf 79' lang='lat' dir='ltr'>Canities</span> <span class='ocrx_word' id='word_1_123' title='bbox 765 1257 907 1292; x_wconf 81' lang='lat' dir='ltr'>autem</span> <span class='ocrx_word' id='word_1_124' title='bbox 925 1257 988 1291; x_wconf 87' lang='lat' dir='ltr'>est</span> <span class='ocrx_word' id='word_1_125' title='bbox 1011 1249 1252 1292; x_wconf 89' lang='lat' dir='ltr'>intellectus</span> <span class='ocrx_word' id='word_1_126' title='bbox 1273 1247 1564 1297; x_wconf 82' lang='lat' dir='ltr'>hominihus2,</span> <span class='ocrx_word' id='word_1_127' title='bbox 1580 1266 1596 1288; x_wconf 82' lang='lat'><strong>»</strong></span> <span class='ocrx_word' id='word_1_128' title='bbox 1626 1247 1782 1305; x_wconf 84' lang='lat' dir='ltr'>quibus</span> 
     </span>
     <span class='ocr_line' id='line_1_15' title="bbox 410 1318 1784 1378; baseline -0.001 -16"><span class='ocrx_word' id='word_1_129' title='bbox 410 1320 628 1363; x_wconf 82' lang='lat' dir='ltr'>maturitas</span> <span class='ocrx_word' id='word_1_130' title='bbox 637 1320 814 1370; x_wconf 88' lang='lat' dir='ltr'>consilii,</span> <span class='ocrx_word' id='word_1_131' title='bbox 828 1321 1092 1378; x_wconf 82' lang='lat' dir='ltr'>gravitasque</span> <span class='ocrx_word' id='word_1_132' title='bbox 1101 1320 1299 1378; x_wconf 86' lang='lat' dir='ltr'>suppetit.</span> <span class='ocrx_word' id='word_1_133' title='bbox 1313 1321 1433 1363; x_wconf 90' lang='lat' dir='ltr'>Unde</span> <span class='ocrx_word' id='word_1_134' title='bbox 1443 1318 1784 1362; x_wconf 85' lang='lat' dir='ltr'>etHieremiaedi-</span> 
     </span>
     <span class='ocr_line' id='line_1_16' title="bbox 413 1390 1787 1449; baseline 0 -16"><span class='ocrx_word' id='word_1_135' title='bbox 413 1391 546 1434; x_wconf 82' lang='lat' dir='ltr'>citur:</span> <span class='ocrx_word' id='word_1_136' title='bbox 565 1409 580 1429; x_wconf 79' lang='grc' dir='ltr'>(ι</span> <span class='ocrx_word' id='word_1_137' title='bbox 600 1390 694 1434; x_wconf 86' lang='lat' dir='ltr'>Noli</span> <span class='ocrx_word' id='word_1_138' title='bbox 706 1391 847 1434; x_wconf 83' lang='lat' dir='ltr'>dicere</span> <span class='ocrx_word' id='word_1_139' title='bbox 864 1391 1137 1449; x_wconf 82' lang='lat' dir='ltr'>quiajuvenis</span> <span class='ocrx_word' id='word_1_140' title='bbox 1148 1407 1240 1434; x_wconf 84' lang='lat' dir='ltr'>sum</span> <span class='ocrx_word' id='word_1_141' title='bbox 1253 1390 1283 1433; x_wconf 77' lang='lat'>³.</span> <span class='ocrx_word' id='word_1_142' title='bbox 1305 1408 1322 1431; x_wconf 70' lang='lat' dir='ltr'>n</span> <span class='ocrx_word' id='word_1_143' title='bbox 1334 1391 1388 1434; x_wconf 91' lang='lat' dir='ltr'>Et</span> <span class='ocrx_word' id='word_1_144' title='bbox 1401 1391 1547 1448; x_wconf 88' lang='lat' dir='ltr'>utique</span> <span class='ocrx_word' id='word_1_145' title='bbox 1557 1398 1648 1433; x_wconf 86' lang='lat' dir='ltr'>erat</span> <span class='ocrx_word' id='word_1_146' title='bbox 1659 1396 1787 1433; x_wconf 75' lang='lat' dir='ltr'>aetate</span> 
     </span>
     <span class='ocr_line' id='line_1_17' title="bbox 411 1461 1784 1520; baseline -0.001 -16"><span class='ocrx_word' id='word_1_147' title='bbox 411 1461 574 1520; x_wconf 84' lang='lat' dir='ltr'>juvenis</span> <span class='ocrx_word' id='word_1_148' title='bbox 588 1479 599 1511; x_wconf 91' lang='lat'>;</span> <span class='ocrx_word' id='word_1_149' title='bbox 613 1463 686 1504; x_wconf 85' lang='lat' dir='ltr'>scd</span> <span class='ocrx_word' id='word_1_150' title='bbox 702 1462 900 1520; x_wconf 89' lang='lat' dir='ltr'>prohibet</span> <span class='ocrx_word' id='word_1_151' title='bbox 913 1477 1011 1504; x_wconf 90' lang='lat' dir='ltr'>eum</span> <span class='ocrx_word' id='word_1_152' title='bbox 1026 1462 1226 1519; x_wconf 88' lang='lat' dir='ltr'>juvenem</span> <span class='ocrx_word' id='word_1_153' title='bbox 1238 1478 1284 1504; x_wconf 86' lang='lat' dir='ltr'>se</span> <span class='ocrx_word' id='word_1_154' title='bbox 1294 1461 1457 1512; x_wconf 84' lang='lat' dir='ltr'>dicere,</span> <span class='ocrx_word' id='word_1_155' title='bbox 1479 1461 1552 1519; x_wconf 88' lang='lat' dir='ltr'>qui</span> <span class='ocrx_word' id='word_1_156' title='bbox 1574 1468 1686 1504; x_wconf 89' lang='lat' dir='ltr'>esset</span> <span class='ocrx_word' id='word_1_157' title='bbox 1697 1474 1784 1503; x_wconf 85' lang='lat' dir='ltr'>ma-</span> 
     </span>
     <span class='ocr_line' id='line_1_18' title="bbox 414 1530 1784 1590; baseline 0.001 -17"><span class='ocrx_word' id='word_1_158' title='bbox 414 1531 582 1574; x_wconf 90' lang='lat' dir='ltr'>turioris</span> <span class='ocrx_word' id='word_1_159' title='bbox 594 1532 843 1590; x_wconf 56' lang='lat' dir='ltr'>prudentiae.</span> <span class='ocrx_word' id='word_1_160' title='bbox 862 1531 1012 1574; x_wconf 82' lang='lat' dir='ltr'>Daniel</span> <span class='ocrx_word' id='word_1_161' title='bbox 1033 1547 1131 1574; x_wconf 90' lang='lat' dir='ltr'>cum</span> <span class='ocrx_word' id='word_1_162' title='bbox 1143 1530 1249 1590; x_wconf 87' lang='lat' dir='ltr'>puer</span> <span class='ocrx_word' id='word_1_163' title='bbox 1267 1540 1393 1580; x_wconf 86' lang='lat' dir='ltr'>esset,</span> <span class='ocrx_word' id='word_1_164' title='bbox 1407 1531 1570 1589; x_wconf 84' lang='lat' dir='ltr'>accepit</span> <span class='ocrx_word' id='word_1_165' title='bbox 1588 1530 1784 1590; x_wconf 87' lang='lat' dir='ltr'>spiritum</span> 
     </span>
     <span class='ocr_line' id='line_1_19' title="bbox 415 1594 1786 1660; baseline 0 -17"><span class='ocrx_word' id='word_1_166' title='bbox 415 1617 497 1659; x_wconf 89' lang='lat' dir='ltr'>quo</span> <span class='ocrx_word' id='word_1_167' title='bbox 517 1602 666 1659; x_wconf 84' lang='lat' dir='ltr'>diguus</span> <span class='ocrx_word' id='word_1_168' title='bbox 683 1601 911 1645; x_wconf 82' lang='lat' dir='ltr'>senectutis</span> <span class='ocrx_word' id='word_1_169' title='bbox 927 1602 1121 1660; x_wconf 84' lang='lat' dir='ltr'>primitiis</span> <span class='ocrx_word' id='word_1_170' title='bbox 1132 1601 1384 1645; x_wconf 61' lang='lat' dir='ltr'>haberetur*</span> <span class='ocrx_word' id='word_1_171' title='bbox 1404 1619 1417 1651; x_wconf 90' lang='lat'>;</span> <span class='ocrx_word' id='word_1_172' title='bbox 1433 1594 1708 1660; x_wconf 80' lang='lat' dir='ltr'>redargueret</span> <span class='ocrx_word' id='word_1_173' title='bbox 1719 1615 1786 1643; x_wconf 77' lang='lat' dir='ltr'>sc-</span> 
     </span>
     <span class='ocr_line' id='line_1_20' title="bbox 415 1670 1786 1731; baseline -0.001 -16"><span class='ocrx_word' id='word_1_174' title='bbox 415 1688 490 1715; x_wconf 87' lang='lat' dir='ltr'>nes</span> <span class='ocrx_word' id='word_1_175' title='bbox 511 1673 598 1731; x_wconf 90' lang='lat' dir='ltr'>ipse</span> <span class='ocrx_word' id='word_1_176' title='bbox 614 1687 697 1715; x_wconf 90' lang='lat' dir='ltr'>non</span> <span class='ocrx_word' id='word_1_177' title='bbox 710 1673 850 1715; x_wconf 85' lang='lat' dir='ltr'>senior</span> <span class='ocrx_word' id='word_1_178' title='bbox 861 1673 1145 1731; x_wconf 83' lang='lat' dir='ltr'>longaevitate,</span> <span class='ocrx_word' id='word_1_179' title='bbox 1158 1674 1231 1715; x_wconf 88' lang='lat' dir='ltr'>sed</span> <span class='ocrx_word' id='word_1_180' title='bbox 1249 1673 1398 1731; x_wconf 86' lang='lat' dir='ltr'>gratia;</span> <span class='ocrx_word' id='word_1_181' title='bbox 1415 1680 1509 1714; x_wconf 83' lang='lat' dir='ltr'>erat</span> <span class='ocrx_word' id='word_1_182' title='bbox 1523 1672 1640 1714; x_wconf 77' lang='lat' dir='ltr'>enIm</span> <span class='ocrx_word' id='word_1_183' title='bbox 1653 1671 1697 1714; x_wconf 88' lang='lat' dir='ltr'>in</span> <span class='ocrx_word' id='word_1_184' title='bbox 1712 1670 1786 1714; x_wconf 92' lang='lat' dir='ltr'>illo</span> 
     </span>
     <span class='ocr_line' id='line_1_21' title="bbox 417 1731 1786 1801; baseline 0.001 -16"><span class='ocrx_word' id='word_1_185' title='bbox 417 1751 516 1786; x_wconf 85' lang='lat' dir='ltr'>aetas</span> <span class='ocrx_word' id='word_1_186' title='bbox 530 1744 757 1786; x_wconf 83' lang='lat' dir='ltr'>senectutis</span> <span class='ocrx_word' id='word_1_187' title='bbox 769 1744 852 1787; x_wconf 84' lang='lat' dir='ltr'>vita</span> <span class='ocrx_word' id='word_1_188' title='bbox 870 1744 1155 1787; x_wconf 84' lang='lat' dir='ltr'>immaculata.</span> <span class='ocrx_word' id='word_1_189' title='bbox 1176 1743 1255 1787; x_wconf 91' lang='lat' dir='ltr'>Cui</span> <span class='ocrx_word' id='word_1_190' title='bbox 1274 1731 1384 1786; x_wconf 85' lang='lat' dir='ltr'>bene</span> <span class='ocrx_word' id='word_1_191' title='bbox 1400 1742 1786 1801; x_wconf 85' lang='lat' dir='ltr'>competitDavidi-</span> 
     </span>
     <span class='ocr_line' id='line_1_22' title="bbox 419 1813 1786 1873; baseline 0 -16"><span class='ocrx_word' id='word_1_192' title='bbox 419 1829 518 1857; x_wconf 89' lang='lat' dir='ltr'>cum</span> <span class='ocrx_word' id='word_1_193' title='bbox 537 1813 640 1857; x_wconf 90' lang='lat' dir='ltr'>illud</span> <span class='ocrx_word' id='word_1_194' title='bbox 654 1814 797 1857; x_wconf 87' lang='lat' dir='ltr'>dicere</span> <span class='ocrx_word' id='word_1_195' title='bbox 811 1830 821 1856; x_wconf 69' lang='grc' dir='ltr'>ς</span> <span class='ocrx_word' id='word_1_196' title='bbox 839 1832 854 1854; x_wconf 90' lang='lat'>«</span> <span class='ocrx_word' id='word_1_197' title='bbox 871 1813 1007 1873; x_wconf 87' lang='lat' dir='ltr'>Super</span> <span class='ocrx_word' id='word_1_198' title='bbox 1022 1815 1206 1858; x_wconf 88' lang='lat' dir='ltr'>seniores</span> <span class='ocrx_word' id='word_1_199' title='bbox 1218 1814 1405 1858; x_wconf 86' lang='lat' dir='ltr'>intellexi</span> <span class='ocrx_word' id='word_1_200' title='bbox 1418 1815 1451 1856; x_wconf 82' lang='lat'>⁶.</span> <span class='ocrx_word' id='word_1_201' title='bbox 1465 1833 1481 1854; x_wconf 76' lang='grc' dir='ltr'>ιι</span> <span class='ocrx_word' id='word_1_202' title='bbox 1496 1815 1684 1872; x_wconf 88' lang='lat' dir='ltr'>Ideoque</span> <span class='ocrx_word' id='word_1_203' title='bbox 1696 1822 1786 1857; x_wconf 79' lang='lat' dir='ltr'>tan-</span> 
     </span>
     <span class='ocr_line' id='line_1_23' title="bbox 420 1884 1788 1941; baseline 0.003 -15"><span class='ocrx_word' id='word_1_204' title='bbox 420 1899 547 1941; x_wconf 87' lang='lat' dir='ltr'>quam</span> <span class='ocrx_word' id='word_1_205' title='bbox 563 1885 616 1927; x_wconf 86' lang='lat' dir='ltr'>de</span> <span class='ocrx_word' id='word_1_206' title='bbox 636 1885 822 1927; x_wconf 83' lang='lat' dir='ltr'>veterani</span> <span class='ocrx_word' id='word_1_207' title='bbox 840 1884 1028 1935; x_wconf 88' lang='lat' dir='ltr'>consilii,</span> <span class='ocrx_word' id='word_1_208' title='bbox 1053 1894 1096 1928; x_wconf 88' lang='lat' dir='ltr'>ct</span> <span class='ocrx_word' id='word_1_209' title='bbox 1110 1886 1251 1936; x_wconf 89' lang='lat' dir='ltr'>senilis</span> <span class='ocrx_word' id='word_1_210' title='bbox 1275 1886 1459 1929; x_wconf 85' lang='lat' dir='ltr'>scientiae</span> <span class='ocrx_word' id='word_1_211' title='bbox 1472 1885 1563 1928; x_wconf 87' lang='lat' dir='ltr'>viro</span> <span class='ocrx_word' id='word_1_212' title='bbox 1597 1885 1788 1939; x_wconf 75' lang='lat' dir='ltr'>divinum</span> 
     </span>
     <span class='ocr_line' id='line_1_24' title="bbox 420 1955 1777 2015; baseline 0.001 -17"><span class='ocrx_word' id='word_1_213' title='bbox 420 1955 707 2013; x_wconf 85' lang='lat' dir='ltr'>pronuntiavit</span> <span class='ocrx_word' id='word_1_214' title='bbox 723 1958 944 1999; x_wconf 86' lang='lat' dir='ltr'>oraculum</span> <span class='ocrx_word' id='word_1_215' title='bbox 962 1972 971 1998; x_wconf 91' lang='lat'>:</span> <span class='ocrx_word' id='word_1_216' title='bbox 989 1975 1003 1995; x_wconf 80' lang='grc' dir='ltr'>α</span> <span class='ocrx_word' id='word_1_217' title='bbox 1019 1957 1125 2009; x_wconf 91' lang='lat' dir='ltr'>Quis</span> <span class='ocrx_word' id='word_1_218' title='bbox 1137 1958 1388 2015; x_wconf 86' lang='lat' dir='ltr'>prudentior</span> <span class='ocrx_word' id='word_1_219' title='bbox 1400 1972 1528 2015; x_wconf 81' lang='lat' dir='ltr'>quam</span> <span class='ocrx_word' id='word_1_220' title='bbox 1545 1956 1714 2000; x_wconf 78' lang='lat' dir='ltr'>Daniel⁶</span> <span class='ocrx_word' id='word_1_221' title='bbox 1731 1956 1777 2000; x_wconf 75' lang='lat' dir='ltr'>P»</span> 
     </span>
     <span class='ocr_line' id='line_1_25' title="bbox 478 2025 1787 2086; baseline 0.002 -18"><span class='ocrx_word' id='word_1_222' title='bbox 478 2025 635 2069; x_wconf 91' lang='lat' dir='ltr'><strong>XVIII.</strong></span> <span class='ocrx_word' id='word_1_223' title='bbox 671 2025 792 2069; x_wconf 91' lang='lat' dir='ltr'>Nunc</span> <span class='ocrx_word' id='word_1_224' title='bbox 816 2026 1210 2074; x_wconf 79' lang='lat' dir='ltr'>illudadvertamus</span> <span class='ocrx_word' id='word_1_225' title='bbox 1224 2060 1235 2077; x_wconf 87' lang='lat'><strong><em>,</em></strong></span> <span class='ocrx_word' id='word_1_226' title='bbox 1261 2028 1514 2086; x_wconf 86' lang='lat' dir='ltr'>si-possibile</span> <span class='ocrx_word' id='word_1_227' title='bbox 1526 2036 1598 2071; x_wconf 81' lang='lat' dir='ltr'>est</span> <span class='ocrx_word' id='word_1_228' title='bbox 1619 2035 1668 2070; x_wconf 90' lang='lat' dir='ltr'>ut</span> <span class='ocrx_word' id='word_1_229' title='bbox 1689 2042 1787 2071; x_wconf 87' lang='lat' dir='ltr'>cor-</span> 
     </span>
     <span class='ocr_line' id='line_1_26' title="bbox 423 2095 1788 2157; baseline 0.003 -20"><span class='ocrx_word' id='word_1_230' title='bbox 423 2095 529 2153; x_wconf 83' lang='lat' dir='ltr'>rigat</span> <span class='ocrx_word' id='word_1_231' title='bbox 550 2095 743 2153; x_wconf 81' lang='lat' dir='ltr'>juvenior</span> <span class='ocrx_word' id='word_1_232' title='bbox 758 2097 866 2139; x_wconf 83' lang='lat' dir='ltr'>viam</span> <span class='ocrx_word' id='word_1_233' title='bbox 885 2113 1004 2140; x_wconf 86' lang='lat' dir='ltr'>suam</span> <span class='ocrx_word' id='word_1_234' title='bbox 1018 2130 1029 2147; x_wconf 94' lang='lat'><strong>,</strong></span> <span class='ocrx_word' id='word_1_235' title='bbox 1050 2113 1188 2141; x_wconf 88' lang='lat' dir='ltr'>annon</span> <span class='ocrx_word' id='word_1_236' title='bbox 1204 2099 1222 2140; x_wconf 74' lang='grc' dir='ltr'>Ξ)</span> <span class='ocrx_word' id='word_1_237' title='bbox 1239 2099 1384 2141; x_wconf 89' lang='lat' dir='ltr'>Sinon</span> <span class='ocrx_word' id='word_1_238' title='bbox 1406 2107 1469 2142; x_wconf 88' lang='lat' dir='ltr'>est</span> <span class='ocrx_word' id='word_1_239' title='bbox 1483 2131 1494 2149; x_wconf 90' lang='lat'>‚</span> <span class='ocrx_word' id='word_1_240' title='bbox 1515 2114 1616 2157; x_wconf 82' lang='lat' dir='ltr'>ergo</span> <span class='ocrx_word' id='word_1_241' title='bbox 1637 2098 1788 2142; x_wconf 86' lang='lat' dir='ltr'>menti-</span> 
     </span>
     <span class='ocr_line' id='line_1_27' title="bbox 422 2165 1789 2227; baseline 0.004 -20"><span class='ocrx_word' id='word_1_242' title='bbox 422 2174 492 2208; x_wconf 89' lang='lat' dir='ltr'>tur</span> <span class='ocrx_word' id='word_1_243' title='bbox 521 2165 729 2224; x_wconf 87' lang='lat' dir='ltr'>Propheta</span> <span class='ocrx_word' id='word_1_244' title='bbox 761 2183 770 2208; x_wconf 87' lang='lat'>:</span> <span class='ocrx_word' id='word_1_245' title='bbox 804 2169 880 2211; x_wconf 88' lang='lat' dir='ltr'>sed</span> <span class='ocrx_word' id='word_1_246' title='bbox 909 2166 1007 2226; x_wconf 87' lang='lat' dir='ltr'>quia</span> <span class='ocrx_word' id='word_1_247' title='bbox 1036 2183 1122 2210; x_wconf 92' lang='lat' dir='ltr'>non</span> <span class='ocrx_word' id='word_1_248' title='bbox 1146 2169 1366 2218; x_wconf 87' lang='lat' dir='ltr'>mentitur,</span> <span class='ocrx_word' id='word_1_249' title='bbox 1397 2169 1598 2227; x_wconf 89' lang='lat' dir='ltr'>possibile</span> <span class='ocrx_word' id='word_1_250' title='bbox 1619 2178 1697 2213; x_wconf 83' lang='lat' dir='ltr'>est.</span> <span class='ocrx_word' id='word_1_251' title='bbox 1724 2169 1789 2213; x_wconf 84' lang='lat' dir='ltr'>Ita</span> 
     </span>
     <span class='ocr_line' id='line_1_28' title="bbox 423 2239 1787 2299; baseline 0.002 -19"><span class='ocrx_word' id='word_1_252' title='bbox 423 2245 564 2281; x_wconf 86' lang='lat' dir='ltr'>tamen</span> <span class='ocrx_word' id='word_1_253' title='bbox 575 2239 790 2297; x_wconf 87' lang='lat' dir='ltr'>possibile,</span> <span class='ocrx_word' id='word_1_254' title='bbox 804 2247 851 2281; x_wconf 88' lang='lat' dir='ltr'>ut</span> <span class='ocrx_word' id='word_1_255' title='bbox 866 2241 981 2297; x_wconf 86' lang='lat' dir='ltr'>quod</span> <span class='ocrx_word' id='word_1_256' title='bbox 997 2240 1256 2299; x_wconf 88' lang='lat' dir='ltr'>impossibile</span> <span class='ocrx_word' id='word_1_257' title='bbox 1269 2240 1474 2290; x_wconf 82' lang='lat' dir='ltr'>videatur,</span> <span class='ocrx_word' id='word_1_258' title='bbox 1484 2239 1558 2283; x_wconf 86' lang='lat' dir='ltr'>fiat</span> <span class='ocrx_word' id='word_1_259' title='bbox 1570 2240 1787 2298; x_wconf 82' lang='lat' dir='ltr'>possibile,</span> 
     </span>
     <span class='ocr_line' id='line_1_29' title="bbox 424 2308 1790 2366; baseline 0.001 -15"><span class='ocrx_word' id='word_1_260' title='bbox 424 2308 456 2351; x_wconf 90' lang='lat' dir='ltr'>si</span> <span class='ocrx_word' id='word_1_261' title='bbox 476 2308 685 2351; x_wconf 83' lang='lat' dir='ltr'>custodiat</span> <span class='ocrx_word' id='word_1_262' title='bbox 699 2308 842 2366; x_wconf 90' lang='lat' dir='ltr'>junior</span> <span class='ocrx_word' id='word_1_263' title='bbox 861 2310 989 2353; x_wconf 82' lang='lat' dir='ltr'>verba</span> <span class='ocrx_word' id='word_1_264' title='bbox 1009 2311 1111 2353; x_wconf 85' lang='lat' dir='ltr'>Dei:</span> <span class='ocrx_word' id='word_1_265' title='bbox 1138 2310 1171 2352; x_wconf 89' lang='lat' dir='ltr'>si</span> <span class='ocrx_word' id='word_1_266' title='bbox 1194 2319 1335 2353; x_wconf 86' lang='lat' dir='ltr'>autem</span> <span class='ocrx_word' id='word_1_267' title='bbox 1351 2325 1438 2352; x_wconf 91' lang='lat' dir='ltr'>non</span> <span class='ocrx_word' id='word_1_268' title='bbox 1455 2310 1695 2360; x_wconf 71' lang='lat' dir='ltr'>custodiat,</span> <span class='ocrx_word' id='word_1_269' title='bbox 1714 2310 1790 2353; x_wconf 92' lang='lat' dir='ltr'>im-</span> 
     </span>
     <span class='ocr_line' id='line_1_30' title="bbox 420 2371 1789 2438; baseline 0.002 -16"><span class='ocrx_word' id='word_1_270' title='bbox 420 2379 631 2437; x_wconf 86' lang='lat' dir='ltr'>possibile.</span> <span class='ocrx_word' id='word_1_271' title='bbox 656 2381 774 2423; x_wconf 89' lang='lat' dir='ltr'>Unde</span> <span class='ocrx_word' id='word_1_272' title='bbox 792 2381 895 2423; x_wconf 91' lang='lat' dir='ltr'>illud</span> <span class='ocrx_word' id='word_1_273' title='bbox 911 2382 1201 2438; x_wconf 80' lang='lat' dir='ltr'>evangelicum</span> <span class='ocrx_word' id='word_1_274' title='bbox 1219 2399 1228 2423; x_wconf 88' lang='lat'>:</span> <span class='ocrx_word' id='word_1_275' title='bbox 1252 2382 1466 2425; x_wconf 83' lang='lat' dir='ltr'>«Facilius</span> <span class='ocrx_word' id='word_1_276' title='bbox 1488 2390 1552 2425; x_wconf 82' lang='lat' dir='ltr'>est</span> <span class='ocrx_word' id='word_1_277' title='bbox 1566 2371 1789 2426; x_wconf 70' lang='lat' dir='ltr'>‘camelum</span> 
     </span>
     <span class='ocr_line' id='line_1_31' title="bbox 423 2441 1789 2514; baseline 0.005 -22"><span class='ocrx_word' id='word_1_278' title='bbox 423 2468 440 2491; x_wconf 81' lang='grc'>»</span> <span class='ocrx_word' id='word_1_279' title='bbox 453 2466 529 2509; x_wconf 88' lang='lat' dir='ltr'>per</span> <span class='ocrx_word' id='word_1_280' title='bbox 539 2451 728 2494; x_wconf 81' lang='lat' dir='ltr'>foramen</span> <span class='ocrx_word' id='word_1_281' title='bbox 740 2467 839 2509; x_wconf 80' lang='lat' dir='ltr'>acus</span> <span class='ocrx_word' id='word_1_282' title='bbox 857 2441 1048 2503; x_wconf 80' lang='lat' dir='ltr'>transire,</span> <span class='ocrx_word' id='word_1_283' title='bbox 1065 2469 1191 2511; x_wconf 82' lang='lat' dir='ltr'>quam</span> <span class='ocrx_word' id='word_1_284' title='bbox 1203 2454 1373 2498; x_wconf 88' lang='lat' dir='ltr'>divitem</span> <span class='ocrx_word' id='word_1_285' title='bbox 1386 2455 1542 2498; x_wconf 84' lang='lat' dir='ltr'>intrare</span> <span class='ocrx_word' id='word_1_286' title='bbox 1554 2454 1596 2498; x_wconf 88' lang='lat' dir='ltr'>in</span> <span class='ocrx_word' id='word_1_287' title='bbox 1611 2470 1789 2514; x_wconf 84' lang='lat' dir='ltr'>regnum</span> 
     </span>
     <span class='ocr_line' id='line_1_32' title="bbox 426 2520 1784 2584; baseline 0.005 -23"><span class='ocrx_word' id='word_1_288' title='bbox 426 2537 442 2560; x_wconf 67' lang='lat' dir='ltr'><strong><em>n</em></strong></span> <span class='ocrx_word' id='word_1_289' title='bbox 456 2521 660 2564; x_wconf 89' lang='lat' dir='ltr'>coelorum</span> <span class='ocrx_word' id='word_1_290' title='bbox 670 2520 700 2565; x_wconf 88' lang='lat'>⁷.</span> <span class='ocrx_word' id='word_1_291' title='bbox 720 2539 736 2561; x_wconf 76' lang='lat'>1)</span> <span class='ocrx_word' id='word_1_292' title='bbox 750 2522 878 2575; x_wconf 88' lang='lat' dir='ltr'>Quod</span> <span class='ocrx_word' id='word_1_293' title='bbox 887 2523 968 2566; x_wconf 91' lang='lat' dir='ltr'>hoc</span> <span class='ocrx_word' id='word_1_294' title='bbox 981 2539 1150 2582; x_wconf 89' lang='lat' dir='ltr'>quoque</span> <span class='ocrx_word' id='word_1_295' title='bbox 1161 2524 1269 2568; x_wconf 86' lang='lat' dir='ltr'>libro</span> <span class='ocrx_word' id='word_1_296' title='bbox 1282 2524 1542 2584; x_wconf 90' lang='lat' dir='ltr'>impossibile</span> <span class='ocrx_word' id='word_1_297' title='bbox 1559 2540 1650 2569; x_wconf 88' lang='lat' dir='ltr'>esse</span> <span class='ocrx_word' id='word_1_298' title='bbox 1663 2524 1784 2579; x_wconf 70' lang='lat' dir='ltr'>dixit,</span> 
     </span>
    </p>
   </div>
   <div class='ocr_carea' id='block_1_3' title="bbox 426 2624 1786 2727">
    <p class='ocr_par' dir='ltr' id='par_1_3' title="bbox 426 2624 1786 2727">
     <span class='ocr_line' id='line_1_33' title="bbox 475 2624 1786 2672; baseline 0.006 -17"><span class='ocrx_word' id='word_1_299' title='bbox 475 2631 484 2646; x_wconf 83' lang='lat'>¹</span> <span class='ocrx_word' id='word_1_300' title='bbox 500 2624 579 2656; x_wconf 90' lang='lat' dir='ltr'>Luc.</span> <span class='ocrx_word' id='word_1_301' title='bbox 597 2635 673 2663; x_wconf 78' lang='lat' dir='ltr'>xm,</span> <span class='ocrx_word' id='word_1_302' title='bbox 689 2637 744 2668; x_wconf 83' lang='lat'>²7·</span> <span class='ocrx_word' id='word_1_303' title='bbox 762 2644 800 2651; x_wconf 89' lang='lat'>—-</span> <span class='ocrx_word' id='word_1_304' title='bbox 817 2635 829 2650; x_wconf 76' lang='lat'><strong>¹</strong></span> <span class='ocrx_word' id='word_1_305' title='bbox 849 2627 926 2671; x_wconf 77' lang='lat' dir='ltr'>Sap.</span> <span class='ocrx_word' id='word_1_306' title='bbox 943 2638 987 2665; x_wconf 75' lang='lat' dir='ltr'>iv.</span> <span class='ocrx_word' id='word_1_307' title='bbox 1005 2628 1036 2661; x_wconf 90' lang='grc'>8.</span> <span class='ocrx_word' id='word_1_308' title='bbox 1056 2647 1093 2654; x_wconf 82' lang='lat'><em>-</em></span> <span class='ocrx_word' id='word_1_309' title='bbox 1112 2631 1125 2655; x_wconf 83' lang='grc'>3</span> <span class='ocrx_word' id='word_1_310' title='bbox 1148 2629 1271 2663; x_wconf 64' lang='lat' dir='ltr'>«lerum.</span> <span class='ocrx_word' id='word_1_311' title='bbox 1291 2642 1314 2669; x_wconf 84' lang='grc' dir='ltr'>ι,</span> <span class='ocrx_word' id='word_1_312' title='bbox 1330 2641 1360 2671; x_wconf 89' lang='lat'>7.</span> <span class='ocrx_word' id='word_1_313' title='bbox 1381 2648 1421 2656; x_wconf 92' lang='lat'><em>-</em></span> <span class='ocrx_word' id='word_1_314' title='bbox 1441 2632 1454 2659; x_wconf 75' lang='lat'><strong><em>⁴</em></strong></span> <span class='ocrx_word' id='word_1_315' title='bbox 1470 2631 1555 2664; x_wconf 84' lang='lat' dir='ltr'>Dan.</span> <span class='ocrx_word' id='word_1_316' title='bbox 1577 2641 1652 2672; x_wconf 81' lang='lat' dir='ltr'>xm,</span> <span class='ocrx_word' id='word_1_317' title='bbox 1669 2630 1726 2670; x_wconf 69' lang='grc'>45.</span> <span class='ocrx_word' id='word_1_318' title='bbox 1744 2647 1786 2663; x_wconf 73' lang='grc' dir='ltr'>,-.-ι</span> 
     </span>
     <span class='ocr_line' id='line_1_34' title="bbox 426 2677 1762 2727; baseline 0.009 -17"><span class='ocrx_word' id='word_1_319' title='bbox 426 2679 439 2706; x_wconf 72' lang='lat'>⁸</span> <span class='ocrx_word' id='word_1_320' title='bbox 460 2677 541 2714; x_wconf 81' lang='lat' dir='ltr'>Psal.</span> <span class='ocrx_word' id='word_1_321' title='bbox 560 2689 671 2718; x_wconf 64' lang='lat' dir='ltr'>cnut,</span> <span class='ocrx_word' id='word_1_322' title='bbox 694 2691 763 2717; x_wconf 78' lang='lat'>100.</span> <span class='ocrx_word' id='word_1_323' title='bbox 780 2700 817 2707; x_wconf 93' lang='lat'><em>-</em></span> <span class='ocrx_word' id='word_1_324' title='bbox 838 2684 853 2706; x_wconf 78' lang='lat'><strong>⁶</strong></span> <span class='ocrx_word' id='word_1_325' title='bbox 872 2682 987 2718; x_wconf 72' lang='lat' dir='ltr'>Ezech.</span> <span class='ocrx_word' id='word_1_326' title='bbox 1007 2694 1124 2724; x_wconf 72' lang='lat' dir='ltr'>xxvui,</span> <span class='ocrx_word' id='word_1_327' title='bbox 1145 2685 1178 2721; x_wconf 66' lang='grc' dir='ltr'>ὃ.</span> <span class='ocrx_word' id='word_1_328' title='bbox 1191 2702 1231 2715; x_wconf 79' lang='grc' dir='ltr'>-ι</span> <span class='ocrx_word' id='word_1_329' title='bbox 1249 2691 1259 2710; x_wconf 79' lang='lat'><strong>⁷</strong></span> <span class='ocrx_word' id='word_1_330' title='bbox 1277 2685 1395 2722; x_wconf 77' lang='lat' dir='ltr'>Matth.</span> <span class='ocrx_word' id='word_1_331' title='bbox 1413 2696 1479 2725; x_wconf 73' lang='lat' dir='ltr'>xix,</span> <span class='ocrx_word' id='word_1_332' title='bbox 1501 2684 1552 2727; x_wconf 68' lang='lat'>24-</span> <span class='ocrx_word' id='word_1_333' title='bbox 1759 2678 1762 2681; x_wconf 46' lang='grc'>’</span> 
     </span>
    </p>
   </div>
  </div>
 </body>
</html>
