1800 3236
419 338 635 373 exrosn'lo
665 335 711 370 nt
738 333 928 369 rsunmu
960 337 1104 369 cxvm.
1353 325 1440 382 '129

7 397 20 450 3³
83 425 231 463 eontra
265 404 407 463 autem
440 418 575 477 justos
607 419 720 463 viros
752 419 1004 478 plerumque
1041 416 1237 462 laborare
1271 415 1411 475 inopia
1425 451 1439 468 ,

84 490 378 551 amissionibus
395 489 598 540 filiorum,
620 489 910 533 sterilitatibus
929 488 1184 547 conjugum:
1205 501 1290 546 quo
1305 487 1442 544 exagi-

83 561 161 604 tati
181 569 307 620 atque
327 562 503 611 turbati,
525 577 695 605 sensum
713 561 869 604 mentis
888 559 1112 617 inclinent,
1128 567 1179 616 ut
1197 566 1351 617 putent
1364 557 1445 601 Dei

85 630 130 673 in
144 631 228 675 hoc
241 633 428 692 quodam
441 633 571 675 modo
586 646 729 675 errare
742 631 952 689 judicium
971 645 983 674 ε
1003 646 1091 674 non
1105 638 1299 674 tenentes
1316 637 1447 688 caput

81 700 287 751 veritatis,
317 717 404 760 quo
430 701 744 746 evidentissime
772 700 1151 760 comprehenditur
1178 715 1261 743 non
1290 699 1334 742 iu
1362 699 1447 742 hoc

85 774 259 822 saeculo,
272 773 347 817 sed
356 774 401 817 in
411 773 554 818 futuro
563 773 792 833 repositam
803 781 1049 817 nostrorum
1058 771 1450 817 remunerationem

86 856 179 886 esse
192 843 458 888 meritorum.
771 859 774 863 ’

145 911 225 957 xl.
260 913 347 957 Sed
356 917 672 973 paucorum'est
685 915 801 958 istud
815 915 1047 958 advertere.
1070 913 1264 972 Denique
1280 913 1322 956 in
1338 912 1454 971 priu-

90 982 210 1042 cipiis
225 983 353 1026 etiam
368 984 504 1027 David
522 984 612 1042 ipse
626 991 814 1029 tentatus
827 993 916 1035 est3
938 984 1050 1028 sicut
1070 969 1203 1028 babes
1218 983 1424 1041 seriptum
1439 996 1452 1024 ε

87 1052 242 1096 ·ιΕι;ω
254 1053 334 1112 ipsi
349 1063 595 1112 peccatores
609 1063 655 1098 et
670 1054 937 1128 abundantes
950 1056 995 1098 in
1011 1057 1166 1099 saeculo
1177 1055 1458 1097 obtinuerunt

90 1141 110 1165 ι
121 1124 302 1175 divitias,
317 1133 361 1168 et
371 1125 479 1168 dixi·
497 1126 715 1184 Numquid
726 1128 817 1170 sine
829 1139 953 1170 causa
970 1125 1197 1185 justificavi
1206 1141 1283 1169 cor
1291 1140 1456 1176 meum,

5 1198 19 1228 ἰ
90 1203 165 1238 »et
181 1195 267 1242 lavi
278 1196 389 1239 inter
403 1196 651 1240 innocentes
666 1212 817 1240 manus
830 1198 966 1247 meas,
982 1206 1027 1241 et
1042 1197 1101 1240 fui
1117 1196 1354 1255 flagellatus
1369 1204 1458 1239 tota

0 1269 18 1318 ἓ
91 1265 276 1309 »disqu
288 1253 349 1310 lta
376 1266 506 1324 igitur
536 1276 580 1310 et
607 1277 803 1311 nostrum
831 1267 1144 1326 unusquisque,
1174 1267 1247 1324 qui
1275 1264 1455 1324 perfecti

90 1350 180 1379 non
194 1351 359 1388 sumus,
375 1336 469 1380 haec
482 1338 630 1382 videns
646 1338 780 1382 dicit:
804 1338 886 1382 Ubi
905 1346 972 1382 est
991 1337 1255 1397 providentia
1271 1337 1366 1386 Dei,
1384 1336 1461 1379 uhi

92 1407 285 1466 justitia?
299 1407 606 1467 Snperbusiste
621 1410 825 1459 abundat,
845 1408 1044 1468 arrogans
1059 1410 1138 1452 iste
1153 1410 1459 1467 locupletatur,

0 1494 29 1539 μὴ,
94 1477 249 1545 impius
271 1478 353 1522 iste
372 1479 522 1527 beatus
544 1488 588 1523 et
608 1487 762 1538 potens
784 1488 873 1523 est:
896 1481 1035 1538 justus
1056 1475 1199 1522 autem
1225 1479 1319 1528 ille,
1342 1479 1461 1521 vides

4 1560 33 1607 ᾗ
95 1550 456 1613 quemadmodum
473 1548 587 1606 jacet
601 1550 794 1607 dejectus
812 1548 939 1607 atque
953 1549 1160 1598 desectus,
1180 1545 1482 1605 ςυθωθᾶώὼ,

97 1619 229 1662 dum
216 1634 308 1677 ipso
323 1620 439 1663 victu
455 1619 643 1678 indiget:
662 1619 854 1679 afficitur
857 1619 1126 1663 contumeliis
1144 1619 1197 1662 ab
1214 1619 1294 1661 isto
1309 1618 1460 1676 impio,

2 1677 33 1751 ξς
100 1690 152 1733 ab
174 1691 255 1733 isto
274 1691 490 1750 insolente
502 1690 799 1740 conculcatur,
821 1689 1093 1734 excluditur?
1120 1689 1213 1733 Non
1233 1687 1463 1732 mediocris

54 1763 61 1770 ‘
97 1761 246 1819 utique
266 1762 347 1805 ista
364 1761 541 1805 tentatio
561 1769 643 1811 est,
666 1761 749 1804 nisi
771 1761 826 1804 ad
843 1775 894 1804 ea
912 1775 1008 1818 quae
1028 1768 1129 1803 sunt
1147 1760 1328 1802 ventura
1347 1773 1464 1818 pros-

4 1833 33 1884 }f
98 1831 249 1890 picias,
264 1831 346 1874 nisi
359 1832 582 1891 praeceptis
599 1831 764 1890 plenius
782 1831 1052 1874 coelestibus'
1039 1830 1276 1874 mstruaris.

158 1901 258 1946 ΧΠ.
292 1892 485 1963 Denique
500 1911 542 1946 et
550 1900 693 1945 David
708 1900 887 1961 putabat
900 1918 945 1945 se
960 1910 1058 1945 ante
1071 1902 1165 1944 haec
1182 1915 1460 1960 cognoscere,

16 2006 37 2020 „-
102 1963 179 2016 sed
198 1973 440 2024 nesciebat;
460 1982 506 2017 et
524 1960 620 2016 ideo
644 1973 791 2016 anxius
806 1962 1033 2017 fluctuanti
1057 1973 1199 2016 animo
1222 1973 1458 2016 laborabat.

105 2045 227 2088 Unde
254 2044 341 2088 ait:
357 2061 375 2084 ι
386 2044 442 2087 Et
472 2033 735 2087 aestimabam
764 2060 835 2087 me
866 2044 1003 2088 scire·
1026 2044 1111 2087 boc
1129 2045 1252 2088 labor
1277 2052 1343 2087 est
1367 2053 1466 2087 aute

14 2121 38 2161 3
105 2127 221 2164 nne,
243 2114 383 2158 donec
401 2114 644 2172 ingrediar’
632 2129 677 2156 ιιι
697 2114 984 2158 sanctuarium
997 2114 1093 2164 Dei,
1115 2121 1159 2157 et
1175 2114 1433 2172 intelligam
1421 2129 1466 2156 ιιι

105 2201 124 2223 ι
135 2184 385 2228 novissimis.
402 2186 422 2224 i
432 2185 482 2227 In
497 2185 652 2249 quibus
666 2185 803 2244 perid
821 2181 937 2243 quod
953 2180 998 2228 se
1013 2186 1256 2229 extulerunt
1273 2185 1464 2243 superbi,

14 2285 38 2318 „3
105 2253 212 2297 vidit
229 2243 480 2312 prophetico
500 2253 650 2313 spiritu
672 2250 922 2312 dejectiores
943 2255 1063 2305 sore,
1084 2263 1129 2298 et
1145 2256 1231 2298 ait:
1248 2274 1265 2295 ι
1282 2255 1466 2308 Quando

23 2324 41 2373 3
108 2323 237 2368 »sacti
257 2332 356 2367 sunt
373 2324 418 2367 in
437 2326 756 2377 desolationem¹
777 2326 917 2369 subito
933 2326 1196 2376 defecerunt,
1214 2335 1259 2390 et
1274 2326 1469 2369 extermi—

28 2398 30 2400 ’
110 2387 229 2439 »nati
241 2405 340 2439 sunt
353 2403 528 2455 propter
548 2396 813 2454 iniquitatem
830 2411 971 2444 suam,
990 2396 1100 2439 sicut
1118 2396 1330 2438 somnium
1347 2411 1469 2438 exur-

111 2466 362 2524 »gentis²?»
388 2466 595 2526 Cognovit
626 2467 754 2526 igitur
785 2468 1014 2526 impiorum
1049 2481 1269 2511 successus
1303 2466 1347 2509 in
1383 2467 1467 2509 hoc

113 2537 267 2580 saeculo
285 2538 544 2581 somniiesse
559 2537 731 2588 similes,
754 2553 839 2581 non
859 2536 1045 2581 veritatis
1066 2552 1076 2579 :
1101 2551 1285 2595 quorum
1306 2537 1468 2578 emolu-

28 2602 48 2672 ξ
113 2614 257 2650 menta
275 2607 424 2651 tandiu
442 2607 639 2652 videntur
658 2623 766 2658 esse,
789 2610 892 2652 dum
913 2608 1142 2652 dormiunt.
1167 2607 1247 2651 Ubi
1262 2605 1470 2650 edormie-

163 2699 278 2733 ··Psal.
293 2710 395 2740 axxu,
417 2700 533 2740 u-uh.
546 2718 587 2727 -
604 2707 619 2724 ·
638 2688 724 2734 lbid.
745 2700 859 2734 16-20.
1290 2728 1293 2729 γ

265 2769 361 2798 nm.
1293 2768 1323 2807 9
