1800 3236
335 319 420 347 212
439 320 443 323 ’
888 317 920 346 S.
959 318 1151 348 Aunnosu

334 419 352 441 ι»
367 399 529 443 ciemus
553 398 663 441 inter
686 405 822 441 tantos
843 397 1063 442 hominos¹
1089 417 1100 450 ;
1126 419 1141 440 n
1163 400 1245 443 hoc
1265 408 1405 444 antem
1423 399 1592 445 dicebat
1614 410 1699 446 ten·

308 466 311 468 ¹
333 479 427 515 tans
453 486 550 521 eos3
585 471 745 514 sciebat
769 470 883 513 enim
908 461 1010 528 quid
1029 471 1218 515 facturus
1239 482 1359 516 osset.
1389 474 1472 527 Qui
1496 471 1596 533 ergo
1616 474 1701 533 jus-

333 551 402 586 tus
424 537 504 593 est,
527 543 720 586 examine
741 542 911 600 justitiae
935 558 1018 585 succ
1042 544 1177 586 credit
1199 544 1294 601 quia
1316 544 1392 587 Dei
1411 544 1523 603 justa
1542 544 1702 603 judicia

332 621 430 657 sunt
451 629 460 656 :
488 615 555 658 vel
575 614 812 656 secundum
836 615 1046 671 graecum,
1072 614 1170 672 quia
1192 615 1270 658 Dei
1298 614 1457 673 judicia
1492 624 1592 660 sunt
1613 614 1702 676 ipsa

330 685 506 745 justitia.

390 757 558 801 XXIX.
598 756 683 800 Sed
707 756 790 800 hoc
816 765 863 800 ut
887 764 1158 816 agnosceret,
1186 758 1288 801 fecit
1310 758 1524 817 praemissa
1552 764 1703 819 preca·
1752 791 1763 804 .

333 828 421 878 tio;
452 827 653 885 quoniam
676 827 940 871 intellectum
970 829 1049 871 sibi
1071 829 1161 871 dari
1191 827 1704 888 poposcit‚''1‘1tmanda'ta

335 898 417 942 Dei
450 898 644 942 disceret.
679 899 867 958 Accepta
899 908 962 942 est
989 915 1088 958 ergo
1116 900 1355 944 intellectus
1382 910 1425 945 et
1451 900 1704 961 cognitionis

332 969 491 1027 gratia,
529 969 698 1026 agnovit
728 969 838 1026 justa
873 985 963 1012 esse
991 970 1071 1012 Dei
1095 969 1252 1028 judicia
1275 987 1286 1014 τ
1309 987 1537 1030 agnoscere
1563 980 1705 1017 autem

331 1037 513 1096 perfecti
539 1047 615 1080 est.
644 1039 838 1096 Denique
862 1040 978 1082 aliutl
1000 1045 1063 1082 e'st
1089 1042 1288 1091 credere,
1321 1042 1435 1085 aliud
1457 1057 1700 1101 agnoscere.

331 1108 457 1152 Fides
480 1109 683 1159 timentis,
708 1110 865 1168 agnitio
888 1119 951 1154 est
981 1111 1193 1170 sapientis.
1223 1113 1308 1165 Qui
1329 1114 1442 1157 enim
1476 1114 1612 1165 timet,
1634 1129 1707 1159 ra-

332 1180 493 1222 tionem
515 1195 602 1222 non
628 1181 778 1237 quaerit
804 1198 814 1224 :
840 1182 1005 1240 sapiens
1038 1191 1180 1226 autem
1203 1190 1246 1227 et
1273 1185 1532 1243 agnitionem
1556 1182 1707 1237 eorum

336 1250 584 1308 investigat,
610 1266 893 1309 quaecumque
915 1253 1136 1310 percipere
1157 1254 1378 1299 desiderat.
1403 1274 1420 1307 ς(
1436 1255 1622 1306 Credidi,
1647 1256 1708 1300 in'·

332 1338 351 1362 ι)
366 1321 472 1379 quit,
491 1331 665 1380 propter
681 1325 796 1380 quod
818 1325 986 1367 locutus
1003 1341 1096 1371 sum
1108 1324 1122 1346 ²
1142 1341 1152 1368 ε
1172 1346 1188 1367 »
1206 1328 1405 1386 cognovit
1428 1337 1571 1373 autem
1589 1328 1708 1374 intel-

334 1393 470 1452 ligens
485 1396 601 1451 quod
617 1396 786 1438 loeutus
809 1403 884 1438 est.

394 1464 538 1509 XXX.
577 1465 625 1507 In
650 1481 735 1523 quo
771 1481 872 1525 ergo
902 1466 1013 1524 justa
1043 1467 1202 1526 judicia
1222 1469 1301 1514 Dei
1327 1479 1427 1516 sunt
1450 1471 1470 1515 Ξ)
1493 1471 1604 1526 Quia
1631 1485 1709 1532 per

336 1536 528 1585 labores,
564 1544 607 1578 et
627 1537 951 1587 tribulationes,
984 1547 1026 1581 ot
1055 1540 1303 1585 afflictiones
1331 1544 1384 1586 ad
1412 1545 1583 1588 coeleste
1602 1560 1709 1604 prae-

336 1606 472 1648 mium
499 1607 758 1664 pervenitur.
787 1607 906 1651 Sicut
932 1609 1046 1652 enim
1075 1613 1336 1656 certantibus
1359 1614 1528 1658 athletis
1552 1631 1709 1660 corona

339 1676 528 1719 defertur
548 1676 662 1734 justo
685 1677 846 1734 judicio
870 1679 1093 1739 hominum
1120 1698 1130 1724 ε
1160 1683 1216 1725 ita
1237 1684 1425 1743 legitime
1447 1686 1709 1748 certantibus

340 1745 589 1789 Christianis
619 1747 759 1790 divino
793 1748 955 1806 judicio
982 1753 1123 1809 palma
1150 1754 1407 1799 decernitur.
1439 1774 1456 1796 α
1474 1752 1705 1808 Vincenti,

341 1816 512 1874 »inquit
535 1850 546 1868 ‚
579 1818 691 1860 dabo
714 1818 861 1862 sedere
883 1835 1055 1865 mecum
1078 1824 1121 1866 in
1151 1827 1249 1868 sede
1269 1826 1410 1870 mea²'.>
1426 1845 1443 1868 ι»
1478 1824 1574 1872 Vita
1607 1842 1708 1888 ergo

341 1894 486 1929 nostra
512 1888 778 1931 examinatur
794 1890 890 1947 igne
904 1924 916 1941 ,
945 1893 1054 1936 sicut
1075 1897 1275 1953 splendor
1297 1897 1484 1955 argenti3
1510 1906 1559 1942 ut
1578 1898 1712 1942 virtus

342 1957 648 2002 certaminibus
671 1960 944 2018 approbetur.
982 1980 999 2002 «
1022 1964 1335 2018 Transivimus,
1361 1967 1525 2026 inquit,
1549 1984 1626 2027 per
1648 1968 1713 2027 ig-

342 2044 472 2071 »nem
505 2037 548 2071 et
583 2044 754 2087 aquam,
785 2041 827 2075 et
850 2032 1047 2077 induxisti
1074 2052 1151 2080 nos
1179 2038 1222 2080 in
1244 2037 1555 2098 refrigeriun1⁴.
1581 2059 1598 2081 n
1633 2041 1714 2091 Per

345 2099 438 2142 haec
459 2099 588 2158 igitur
608 2116 705 2144 vera
729 2102 889 2159 judicia
907 2113 977 2147 tua
997 2122 1087 2149 esse
1107 2110 1299 2167 cognovi.
1325 2110 1581 2155 Humiliatus
1598 2112 1713 2156 enim

348 2186 459 2220 sum,
498 2180 545 2213 ut
574 2172 664 2215 haec
697 2174 910 2225 viderem:
939 2177 1035 2234 quia
1067 2178 1094 2220 ii
1128 2180 1200 2236 qui
1227 2181 1397 2224 exaltati
1419 2191 1519 2226 sunt
1548 2185 1707 2235 eorde,

351 2243 499 2284 oculos
522 2243 573 2284 ad
595 2243 815 2287 veritatem
839 2247 1002 2304 aperire
1023 2262 1108 2290 non
1126 2259 1316 2306 possunt.
1347 2252 1454 2296 Cum
1480 2263 1621 2298 autem
1637 2241 1714 2299 huss

347 2311 576 2361 miliamur‚
597 2322 775 2370 peccata
791 2324 934 2359 nostra
958 2319 1276 2376 cognoscimus,
1302 2330 1344 2364 et
1368 2322 1456 2380 ipsa
1473 2322 1713 2369 humilitate

348 2382 503 2425 delicta
521 2393 662 2426 nostra
681 2400 925 2444 purgamus.
945 2405 960 2426 α
986 2389 1240 2433 Humilialus
1258 2407 1352 2435 sum
1369 2392 1556 2451 ‚⁷in'quit,
1575 2403 1618 2439 et
1639 2396 1716 2439 sal-

350 2469 480 2497 »vum
511 2470 580 2498 me
618 2456 757 2500 secit⁵.
783 2477 799 2498 »
828 2459 876 2501 In
904 2459 1078 2503 veritate
1114 2477 1214 2520 ergo
1245 2463 1491 2509 humiliatus
1522 2474 1608 2519 est,
1643 2467 1717 2526 qui¹

398 2577 520 2664 ’δῦΙοέω
535 2589 580 2618 vt,
600 2580 632 2620 5,
650 2581 685 2615 6.
699 2600 739 2608 --
755 2593 768 2609 ι
784 2573 866 2618 Psal.
883 2595 955 2625 cxv,
980 2597 1007 2619 ι.
1027 2605 1067 2612 --
1085 2588 1099 2611 ³
1118 2587 1222 2632 Apoc.
1242 2600 1294 2630 ιιι,
1312 2601 1362 2625 21.
1381 2610 1419 2618 —
1439 2595 1453 2621 ⁴
1469 2592 1553 2627 Psal.
1570 2604 1642 2638 mxv,
1662 2605 1713 2629 ιι.
1772 2627 1774 2629 ,

352 2648 393 2655 —-
486 2655 493 2666 .
512 2643 598 2673 cxlv,
614 2635 644 2667 6.
