1800 3236
393 286 488 317 ‘220'
942 287 974 316 S.
1013 284 1208 320 Amanosn

385 380 459 409 ore
479 374 522 410 et
537 366 661 410 labiis
681 365 916 410 infidelium
939 375 1142 426 tanquam
1160 369 1340 414 ebrietas
1353 373 1546 430 quaedam
1562 374 1757 419 moribus·

388 436 593 479 audientis
605 436 849 480 infunditur.
863 438 1095 496 Meritoque
1107 441 1266 484 addidit
1278 455 1295 484 r
1305 460 1319 480 ιι
1332 441 1469 485 Sobrii
1481 444 1754 502 estotejuste,'

385 525 401 547 n
414 515 457 550 et
477 508 607 551 nolite
618 523 807 566 peccare.
824 510 1137 567 »Ignorantiam
1153 511 1267 554 enim
1285 512 1361 555 Dei
1375 513 1549 570 quidam
1563 515 1748 566 habent3

380 587 431 622 ut
447 577 616 623 sobrius
639 580 715 623 ille'
731 575 807 630 sit,
833 581 1006 638 quinon
1024 582 1153 626 habet
1173 583 1453 642 ignorantiam
1469 585 1570 635 Dei,
1591 601 1671 630 nec
1695 587 1750 630 ti-

382 650 504 694 tubat
527 651 731 694 ebrietate
745 650 969 707 perfidiae:
995 652 1103 709 juste
1121 663 1263 697 autem
1284 656 1470 704 sobrius,
1490 656 1630 714 inquo
1647 672 1752 715 ope-

381 733 478 762 rum
499 721 630 776 gratia
655 734 754 761 cum
781 718 879 762 fidei
900 720 1128 764 sobiietate
1150 724 1403 780 resplendet.

438 788 588 834 XLIV.
613 788 814 848 Sequitur
835 806 980 834 versus
1002 792 1231 850 septimus.
1248 811 1264 833 «
1286 787 1597 840 Convertamur
1613 775 1667 842 ad
1681 813 1751 842 me

380 860 484 918 »qui
505 860 658 904 timent
674 869 735 911 te,
760 869 802 904 et
826 861 899 919 qui
923 862 1062 905 sciunt
1083 862 1324 907 testimonia
1347 856 1453 908 ιιιιιι
1462 866 1657 911 .»Alius
1669 868 1755 911 ha-·

378 931 480 981 bet,
516 932 697 975 maxime
732 932 850 990 juxta
882 948 1105 991 graecum·
1122 951 1138 973 α
1167 935 1479 981 Convertamur
1516 939 1682 984 mihi.»
1702 939 1747 984 Si

390 1001 490 1045 «Ad
520 1017 589 1045 me
621 1003 827 1061 »legimns
856 1019 866 1045 ε
893 1008 1200 1049 convertantur
1231 1007 1319 1065 qui-
1339 1008 1491 1052 timent
1510 1009 1670 1060 Deum,
1695 1001 1746 1054 de

383 1072 618 1116 commissis
646 1074 830 1133 propriis
856 1075 1133 1126 erubescant3
1161 1078 1227 1120 vel
1252 1087 1369 1121 certe
1397 1080 1516 1122 luant
1542 1070 1754 1138 supplicia?

380 1145 668 1188 delictorum·
700 1153 1002 1193 convertantur
1031 1156 1172 1190 autem
1198 1148 1252 1191 ad
1273 1149 1352 1192 Dei
1382 1151 1620 1202 servulum,
1645 1162 1754 1223 pro-¹

375 1216 677 1275 pheticamque
701 1217 965 1267 doctrinam3
999 1226 1046 1261 ut
1073 1218 1293 1262 dediscant
1317 1222 1516 1278 pudenda
1547 1218 1753 1279 commit-³

378 1294 500 1337 tere,
525 1297 568 1330 et
595 1286 701 1330 tanti
728 1287 1023 1331 emandatione
1060 1290 1247 1332 doctoris
1269 1299 1424 1333 exuant
1449 1306 1590 1334 mores
1616 1305 1715 1336 suos
1733 1320 1754 1342 ,τ

379 1358 717 1416 delictorumque
734 1358 828 1402 labe
842 1360 1030 1409 detersa,
1046 1359 1252 1403 vi1t11tu1n
1269 1361 1446 1404 induant
1459 1360 1750 1421 disciplinam.

377 1426 422 1471 Si
443 1437 584 1471 autem
607 1429 663 1470 ita
683 1429 863 1486 legimus
885 1444 894 1471 :
913 1446 928 1468 α
946 1429 1258 1473 Convertantur
1275 1431 1401 1481 mihi,
1421 1450 1437 1472 »
1450 1431 1532 1475 hoc
1549 1440 1629 1484 est,
1645 1444 1750 1491 quo-v

375 1498 490 1543 niam
512 1499 744 1541 exercebor
761 1499 804 1541 in
826 1501 1048 1559 praeceptis
1066 1501 1148 1544 tuis
1162 1534 1173 1551 ,
1187 1502 1291 1545 mihi
1305 1511 1620 1554 convertantur,
1639 1504 1747 1549 mihi

376 1578 519 1613 autem
539 1570 626 1629 jam
646 1586 733 1614 non
754 1573 972 1631 peccanti,
996 1573 1084 1632 jam
1105 1589 1190 1616 non
1212 1575 1384 1619 erranti.
1414 1569 1744 1627 Convertantur,

376 1641 536 1699 inquit,
560 1643 632 1700 qui
662 1643 856 1686 timentes
879 1651 920 1686 te
944 1643 1124 1702 ‘propriis
1151 1645 1674 1704 renuntiavere'peccatis3
1698 1655 1746 1690 ut

374 1712 587 1755 consortio
608 1711 819 1769 justorum
835 1714 1047 1771 Propheta
1061 1716 1112 1757 ad
1129 1715 1302 1757 uberius
1318 1717 1576 1774 provehatur
1591 1724 1635 1759 et
1653 1711 1745 1778 ipse

329 1784 334 1785 ⁷
377 1783 430 1826 de
451 1797 501 1825 ea
520 1783 651 1841 gratia
668 1799 761 1840 quae
782 1783 933 1842 inipso
956 1793 1046 1834 est,
1069 1786 1303 1842 plurimum
1319 1786 1512 1830 conferat
1533 1787 1747 1830 audienti-

374 1853 467 1897 bus.
502 1853 814 1896 Convertuntur
830 1853 958 1911 igitur
977 1854 1065 1912 jam
1079 1888 1090 1905 ,
1114 1871 1200 1898 non
1221 1865 1426 1914 peccante
1452 1872 1546 1907 me,
1569 1857 1671 1914 justi
1692 1859 1747 1902 ad

373 1923 548 1981 justum.
575 1923 638 1966 De
654 1924 904 1967 testimoniis
927 1933 1068 1968 autem
1090 1935 1195 1984 puto
1218 1926 1305 1984 jam
1327 1942 1414 1970 non
1439 1942 1545 1986 opus
1568 1942 1660 1971 esse
1679 1943 1746 1971 re-

374 2002 543 2052 petere,
567 2009 665 2037 cum
690 2003 786 2038 ante
804 1995 892 2053 jam
915 1996 1077 2039 dictum
1098 1997 1163 2041 sit.

433 2064 560 2109 XLV.
600 2064 803 2122 Sequitur
818 2081 961 2108 versus
983 2075 1157 2110 octavus
1178 2082 1187 2109 ε
1206 2066 1333 2110 «Fiat
1355 2082 1583 2111 cormeum
1598 2069 1745 2113 imma·

375 2136 592 2190 »culatum
621 2135 664 2177 in
685 2134 1058 2193 justificationibus
1082 2137 1162 2180 tuis
1174 2157 1188 2187 ,-
1212 2145 1258 2180 ut
1289 2153 1375 2181 non
1399 2138 1685 2184 confundar².
1714 2158 1732 2182 »

378 2206 548 2258 Quanto
574 2206 779 2249 excelsior
807 2215 869 2249 est
893 2207 1129 2265 Propheta,
1165 2210 1233 2250 vel
1265 2224 1444 2252 munere
1479 2211 1740 2269 prophetiae,

374 2278 442 2321 vel
463 2277 580 2335 regni
602 2277 756 2335 gratia,
775 2286 892 2320 tanto
915 2278 1045 2336 magis
1065 2279 1255 2335 sequitur
1275 2279 1582 2329 humilitatem,
1603 2275 1744 2324 et'do-

377 2357 446 2392 cet
467 2348 570 2406 quid
590 2363 667 2390 nos
685 2348 914 2390 debeamus
940 2349 1094 2390 imitari
1106 2365 1117 2397 ;
1135 2364 1186 2391 eo
1208 2351 1322 2406 quod
1341 2350 1552 2408 Propheta
1572 2358 1742 2394 'tantum

376 2420 696 2463 immaculatum
729 2434 802 2462 cor
836 2419 927 2462 fieri
957 2420 1035 2461 sibi
1073 2422 1278 2478 deposcit.
1317 2420 1457 2478 Supra
1480 2422 1738 2478 postulavit:

388 2506 405 2528 α
428 2488 513 2531 Cor
532 2489 741 2532 mundum
773 2505 870 2532 crea
891 2490 934 2532 in
956 2505 1041 2540 me,
1056 2491 1169 2533 Deus
1196 2490 1225 2534 ⁸.
1255 2510 1270 2531 n
1284 2491 1377 2535 Non
1395 2491 1519 2541 dixit,
1536 2509 1553 2531 α
1574 2492 1659 2535 Fac
1678 2508 1689 2534 :
1713 2510 1730 2534 ι

376 2560 479 2602 sed«
502 2559 631 2611 Crea3
655 2568 733 2604 »ut
758 2562 810 2604 de
832 2561 995 2619 integro
1025 2576 1100 2604 cor
1119 2561 1211 2620 ejus
1234 2562 1439 2606 instauret
1472 2570 1516 2607 et
1543 2563 1734 2607 mundet.

419 2660 430 2678 ι
453 2651 534 2691 Psal.
554 2661 670 2698 wau,
689 2664 744 2702 79.
767 2669 808 2679 -
826 2662 838 2678 ⁰
856 2652 1010 2687 lbid.80.
1031 2670 1073 2679 —-
1090 2652 1174 2687 ³1d.
1191 2663 1221 2696 ι,
1243 2664 1294 2691 ια,
