1800 3236
372 266 429 318 88
919 282 951 314 s.
991 273 1183 313 Ammosu

365 388 382 410 υ
397 365 677 413 consobrinus
694 364 854 411 meus¹.
876 383 892 407 »
915 365 1000 410 Nos
1024 379 1196 423 quoque
1219 365 1373 410 vulnus
1402 362 1609 419 fatemur,
1633 377 1731 413 cum

365 441 646 520 praedicamus
675 438 890 481 Christum
914 435 1165 480 crucifixum
1185 452 1195 479 ε
1215 437 1290 480 sed
1303 436 1441 482 honus
1458 439 1563 482 odor
1584 453 1730 484 sumus

363 511 476 561 Deo,
494 511 592 569 quia
615 525 719 552 crux
741 507 896 551 Ch1isti
920 507 1080 551 Judaeis
1108 508 1384 559 scandalum,
1408 503 1566 553 Graecis
1590 506 1730 554 stulti-

362 583 448 633 tia;
461 582 590 625 nobis
613 589 753 623 autem
771 579 902 622 vinus
922 578 1028 629 Dei,
1054 587 1181 636 atque
1201 579 1403 638 sapientia
1421 589 1497 624 est.
1522 580 1614 624 Hoc
1635 581 1730 625 vul-

359 669 462 697 nere
504 651 693 695 Ecclesia
734 652 1004 706 vulneratur,
1047 665 1145 693 cum
1178 650 1426 694 Salvatoris
1428 651 1494 694 sui
1526 637 1730 710 praedicat

359 733 543 769 mortem
572 739 581 766 :
614 724 686 766 sed
704 722 786 766 hoc
806 723 959 766 vulnus
980 730 1044 766 est
1067 721 1297 766 charitatis.
1319 723 1512 781 Denique
1549 723 1727 781 quinon

344 794 496 838 'credit
516 827 527 843 ,
562 801 687 853 negat
717 808 727 836 :
762 792 835 851 qui
872 793 1006 850 diligit
1025 825 1036 843 ,
1077 791 1319 836 confitetur.
1365 792 1621 838 Manichaeus
1657 810 1729 838 ne-

358 873 455 923 gat,
492 864 754 921 Christianus
790 864 946 908 fatetur
957 881 970 913 3
1014 872 1057 907 et
1091 863 1186 907 ideo
1221 864 1428 922 scriptum
1460 872 1557 908 est:
1582 882 1598 904 α
1635 865 1728 909 Uti-

358 937 442 980 n'lia
473 937 645 992 vulnera
676 936 834 986 amici,
870 951 998 994 quam
1026 925 1263 979 voluntaria
1292 937 1435 980 oscula
1470 936 1676 981 inimici².
1697 955 1714 978 n

358 1006 543 1052 Pulchre
558 1022 658 1066 ergo
677 1006 781 1051 dicit
796 1007 985 1051 Ecclesia
1000 1022 1010 1050 z
1028 1025 1043 1046 α
1058 1006 1168 1060 Quia
1180 1008 1397 1051 vulnerata
1415 1007 1630 1054 charitatis
1647 1024 1724 1068 ego

356 1079 524 1123 »sum⁸.
547 1097 563 1120 a

415 1149 550 1194 XVII.
587 1149 807 1193 Nudemus
834 1149 1029 1192 membra
1056 1156 1200 1191 nostra
1230 1148 1344 1191 bono
1375 1149 1564 1200 vulneri,
1586 1138 1725 1193 nude-

348 1208 450 1265 mus
477 1220 637 1279 sagittae
657 1222 817 1264 electae.
855 1220 1015 1278 Sagitta
1036 1220 1128 1263 haec
1165 1219 1359 1264 Christus
1385 1228 1469 1271 est,
1494 1221 1567 1279 qui
1588 1210 1691 1266 dicit
1709 1238 1736 1266 :s

367 1309 385 1332 α
407 1292 552 1336 Posuit
573 1307 643 1335 me
665 1292 774 1334 sicut
790 1291 984 1350 sagittam
1005 1290 1226 1334 electam&
1240 1311 1256 1330 »
1271 1291 1438 1336 Bonum
1453 1300 1516 1336 est
1533 1307 1632 1351 ergo
1642 1292 1723 1336 hac

354 1362 568 1406 vulnerari
590 1363 751 1421 sagitta.
775 1362 868 1406 Non
891 1361 1118 1405 mediocris
1135 1352 1366 1418 mansionis
1381 1362 1460 1406 iste
1471 1352 1721 1425 processus:

343 1444 441 1476 *non
470 1448 616 1476 omnes
633 1442 810 1491 possunt
832 1432 974 1475 dicere
995 1432 1092 1490 quia
1113 1432 1324 1475 vulnerati
1345 1441 1442 1476 sunt
1465 1433 1718 1479 dilectionis.

353 1504 563 1549 Dicebant
580 1504 771 1562 Apostoli
784 1518 882 1546 cum
905 1519 981 1561 pro
1005 1503 1173 1546 Christo
1186 1503 1501 1561 lapidarentur,
1525 1513 1568 1548 et
1585 1505 1726 1559 Chris-

355 1582 449 1618 tum
482 1574 776 1632 praedicarent.
805 1574 985 1618 Dicebat
1006 1573 1161 1617 Paulus
1192 1589 1292 1617 cum
1322 1582 1394 1618 ‘ter
1421 1576 1548 1635 virgis
1586 1578 1726 1620 caede-

346 1650 500 1695 retur,
537 1653 580 1688 et
613 1645 681 1687 die
718 1660 765 1687 ac
797 1653 924 1688 nocte
963 1643 1182 1687 Christum
1223 1646 1488 1688 adorandum
1525 1648 1724 1705 gentibus

346 1717 604 1774 ‘dis-putaret.
650 1714 812 1758 Dicunt
838 1715 922 1757 hoc
954 1715 1186 1773 Martyres,
1220 1716 1292 1773 qui
1331 1718 1612 1761 vulnerantur
1645 1736 1723 1778 pro

354 1785 548 1828 Christo:
569 1793 611 1828 et
626 1784 724 1842 quia
741 1785 951 1828 vulnerari
963 1801 1040 1844 pro
1058 1786 1149 1844 ejus
1161 1795 1413 1831 meruerunt
1424 1789 1617 1840 nomine,
1629 1791 1723 1849 plus

350 1856 550 1915 diligunt.

348 1932 350 1938 '
408 1925 566 1971 XVIII.
598 1925 666 1968 Ad
686 1926 797 1969 hanc
815 1942 915 1985 ergo
939 1927 1111 1971 veniens
1138 1929 1402 1973 mansionem
1423 1931 1633 1984 Ecclesia,
1669 1936 1723 1978 ad

347 1996 731 2055 hunoprocessum
747 2029 758 2047 ‚
777 2005 825 2040 ut
836 2013 915 2056 pro
940 1994 1108 2042 Christo
1132 1998 1239 2043 filios
1261 2017 1358 2044 suos
1381 2001 1552 2054 offerat,
1583 2013 1630 2048 ut
1646 2019 1722 2050 ex-

346 2066 477 2124 cipiat
497 2067 669 2109 vulnera
693 2067 908 2110 charitatis
928 2100 940 2117 ,
968 2070 1088 2126 quasi
1111 2070 1225 2114 bona
1255 2070 1355 2115 fidei
1378 2073 1577 2125 alimenta
1595 2091 1722 2134 repe-

348 2136 485 2187 riens,
512 2137 766 2196 pietatisque
798 2138 962 2181 fructus
993 2142 1173 2197 gustavit
1197 2142 1308 2201 ipsa,
1334 2151 1377 2186 et
1404 2143 1566 2188 hortari
1592 2147 1721 2205 coepit

339 2215 527 2251 'caeteros
558 2208 702 2251 dicens
727 2225 769 2249 τα
793 2208 994 2260 Gustate,
1030 2219 1072 2254 ct
1093 2212 1232 2255 videte
1260 2214 1462 2271 quoniam
1493 2216 1631 2260 suavis
1654 2219 1719 2261 est

349 2277 610 2328 »Dominus‚
632 2278 741 2321 sicut
764 2280 965 2323 malum⁵.
981 2299 997 2321 »
1017 2281 1069 2324 Et
1089 2282 1131 2324 in
1149 2284 1261 2325 malo
1282 2285 1434 2327 vulnus
1451 2294 1513 2328 est
1528 2319 1540 2335 ,
1563 2289 1638 2330 sed
1660 2295 1720 2330 ta·-

346 2362 450 2392 men
471 2363 598 2391 suave
625 2357 699 2392 est.
727 2348 857 2392 Venit
882 2350 1036 2394 iterum
1073 2353 1125 2394 ad
1147 2353 1299 2395 vallem
1324 2353 1718 2412 botryonis⁶,.vidit

347 2418 529 2477 ingentis
549 2434 675 2462 uvam
708 2420 1033 2477 magnitudinis,
1062 2437 1189 2479 quam
1224 2424 1308 2466 duo
1330 2433 1499 2483 portare
1537 2426 1605 2481 vix
1637 2443 1717 2486 po-

342 2497 514 2532 terant:
539 2504 647 2532 unus
676 2490 749 2547 qni
770 2492 1055 2548 praecederet,
1080 2492 1185 2536 alius
1213 2493 1285 2551 qui
1315 2503 1581 2553 sequeretur.
1608 2497 1714 2541 Gus-

397 2592 524 2625 ·.Cant
542 2603 580 2629 n,
595 2593 624 2624 3.
642 2611 683 2617 —
698 2592 827 2626 ¹Prov.
845 2605 949 2632 xxvn,
962 2596 994 2628 6.
1017 2597 1199 2632 —tcant
1216 2609 1253 2638 n,
1268 2598 1301 2633 5.
1323 2600 1394 2628 -4
1420 2599 1496 2636 lsai.
1515 2611 1605 2645 xux,
1625 2612 1656 2636 2.
1670 2619 1712 2627 -

350 2645 418 2680 ⁶1³,
411 2646 462 2680 al.
476 2658 590 2688 xxxin,
603 2647 637 2682 8.
651 2648 723 2675 ...⁶
741 2647 840 2684 Cant
863 2649 937 2691 ιι,3
