1800 3236
388 327 608 360 exrosmo
640 328 683 360 ιι(
714 328 900 360 rsttuuu
932 328 1073 361 cxvur.
1321 315 1411 376 319

48 409 103 457 Et
121 411 195 471 qui
205 411 308 456 vidit
320 411 499 471 impium
518 411 747 455 exaltatum
766 412 877 455 ultra
893 411 1044 454 cedros
1066 409 1240 462 Libani,
1255 430 1272 452 ι
1288 413 1417 456 Trau-

50 483 177 533 »εἰῶ
201 475 340 542 inquit
357 515 370 533 ‚
398 490 442 525 et
466 497 570 525 ccce
590 497 676 526 non
702 489 794 525 erat
812 481 964 541 ¹.)Et
983 486 1108 525 nemo
1130 482 1234 534 dicit
1252 498 1373 527 servo
1399 499 1410 527 z

65 573 83 596 ι
97 553 272 604 Transi,
296 553 499 597 recumbe
514 552 546 596 ².
575 571 592 592 ι

111 624 201 669 Vll.
238 624 345 678 Quae
367 639 468 682 ergo
491 623 706 666 distinctio
736 623 790 666 sit
824 624 1142 675 consideremus
1153 641 1165 674 ;
1195 623 1274 682 nisi
1305 624 1415 668 forte

52 695 147 745 illa,
170 694 270 753 quia
292 694 367 737 ubi
387 694 430 736 in
456 694 571 736 bono
595 695 803 753 accipitur
824 695 1023 746 transire,
1048 696 1240 739 absolute
1258 697 1418 739 lectum

55 775 119 811 est
147 782 158 809 τ
181 781 266 810 non
292 765 415 815 dixit,
439 765 522 808 hoc
544 770 616 808 aut
649 766 753 808 illud
776 765 1003 816 transiens,
1027 762 1101 809 sed
1122 769 1417 814 tantummodo

58 838 275 882 transiens.
306 837 385 880 Ubi
411 837 454 880 in
476 838 589 880 malo
621 852 664 879 τι
685 837 995 894 Transeuntes,
1020 837 1181 895 inquit,
1205 838 1315 881 viam
1335 838 1366 881 ³.
1394 857 1411 879 ι

58 909 135 954 Via
156 907 271 952 enim
293 909 403 950 bona
431 916 517 956 est,
552 922 647 965 qnae
673 922 696 950 a
728 908 1068 951 commeantibus
1104 908 1421 968 frequentatur,

59 995 145 1024 non
161 980 284 1023 facile
303 979 547 1022 incursatur
566 994 589 1021 a
610 979 869 1028 latronibus,
887 980 959 1037 qui
977 994 1120 1022 aversa
1138 973 1299 1024 viarum
1317 982 1427 1025 obsi-

62 1051 164 1094 dere
188 1057 472 1094 consuerunt:
502 1050 642 1107 regale
667 1049 747 1108 iter
761 1050 975 1092 munitum
996 1058 1073 1093 est.
1099 1050 1263 1109 Moyses
1284 1061 1426 1097 autem

62 1136 149 1168 non
166 1121 357 1168 transivit
375 1120 484 1164 viam
499 1152 512 1170 ,
536 1121 612 1163 sed
633 1119 675 1163 in
691 1120 757 1163 via
778 1120 918 1170 stetit,
943 1121 1014 1163 cui
1033 1121 1196 1164 dictum
1221 1130 1285 1165 est
1302 1137 1312 1164 :
1328 1140 1344 1161 α
1361 1124 1427 1166 Tu

65 1201 236 1237 »autem
263 1193 335 1236 hic
362 1201 425 1235 sta
447 1206 618 1234 mecum
638 1191 671 1235 ⁴.
700 1190 856 1234 »Stetit
878 1207 976 1234 cum
998 1192 1070 1235 illo
1097 1193 1168 1250 qui
1191 1194 1248 1236 ait
1278 1209 1320 1236 :c
1335 1195 1425 1253 Ego

66 1279 190 1307 »sum
217 1264 282 1307 via
299 1295 310 1312 ,
337 1271 380 1306 et
400 1262 576 1312 veritas,
610 1271 653 1305 et
683 1262 767 1304 vita
787 1262 820 1305 ⁶.
847 1282 864 1302 υ
878 1263 998 1306 Hanc
1017 1263 1089 1325 qui
1110 1264 1221 1306 viam
1252 1265 1425 1317 transit,

65 1334 236 1378 labitur.
262 1333 426 1392 Moyses
452 1341 594 1376 autem
623 1347 709 1376 non
736 1333 878 1392 lapsus
898 1340 992 1376 est:
1027 1334 1101 1376 sed
1121 1335 1388 1393 pertransivit
1410 1352 1434 1380 a

3 1435 6 1437 -
69 1404 340 1463 stecularibns
361 1404 420 1448 ad
457 1404 658 1462 spiritalia
677 1436 690 1452 ,
725 1418 748 1445 a
781 1404 1083 1463 temporalibus
1105 1405 1158 1447 ad
1176 1413 1347 1450 aeterna.
1381 1407 1435 1450 Et

0 1464 5 1535 ’-
69 1475 144 1534 qui
163 1474 268 1518 vidit
283 1473 461 1532 impium
475 1507 485 1522 ‚
506 1488 588 1516 nec
613 1473 838 1523 remansit,
864 1464 939 1516 sed
953 1475 1246 1532 pertransivit,
1269 1477 1430 1527 evasit;

0 1551 10 1580 Γ
71 1545 170 1602 quia
186 1559 271 1587 non
284 1543 459 1587 adhaesit
478 1543 610 1603 impio
627 1575 638 1592 ‚
663 1558 718 1586 ne
738 1542 860 1586 fieret
875 1559 1009 1586 unum
1021 1559 1175 1603 corpus
1194 1560 1205 1587 t
1229 1547 1304 1588 sed
1318 1562 1362 1590 se
1380 1547 1431 1589 ab

0 1635 2 1637 ’
73 1617 225 1659 eodem
252 1602 478 1673 separavit.
514 1608 569 1657 Et
603 1613 672 1656 cui
704 1614 859 1657 dicitur
885 1630 928 1656 ει
957 1615 1106 1658 Transi
1128 1650 1138 1665 ,
1160 1617 1388 1667 recumbe,
1407 1637 1425 1658 ι

2 1681 14 1733 J
71 1686 215 1730 evadit
247 1684 395 1744 utique
418 1685 673 1728 laboriosam
695 1686 966 1743 praesentium
989 1687 1234 1730 servitutem
1248 1705 1261 1737 3
1286 1697 1331 1731 ut
1360 1689 1439 1732 ha·-

75 1757 176 1799 ’beat
198 1756 424 1815 gloriosam
454 1755 695 1809 futurorum
721 1755 923 1813 quietem.
960 1756 1013 1799 Et
1042 1757 1215 1815 Sponsae
1243 1758 1400 1802 dicitur
1423 1775 1434 1802 τ

89 1847 106 1868 α
128 1828 239 1871 Ades
259 1827 346 1870 huc
364 1842 386 1870 a
402 1827 588 1877 Libano,
615 1826 778 1885 Sponsa
794 1861 804 1875 ‚
829 1830 928 1870 ades
953 1828 1038 1871 buc
1066 1844 1089 1871 a
1111 1829 1296 1879 Libano,
1321 1839 1438 1874 tran-

80 1899 211 1943 -sibis
242 1906 287 1942 et
310 1897 584 1957 pertransibis
606 1913 628 1940 a
649 1897 858 1957 principio
893 1898 992 1941 fidei
1009 1898 1039 1942 ⁶.
1063 1900 1258 1943 »Transit
1277 1909 1319 1943 et
1342 1918 1441 1961 per-

80 1970 251 2020 transit,
275 1985 367 2028 quoe
388 1969 557 2013 festinat
576 1971 629 2012 ad
644 1969 872 2028 Sponsum.
892 1971 1126 2014 Pertransit
1146 1974 1348 2015 saeculum
1363 2007 1375 2023 ,
1398 1982 1440 2017 et

19 2029 22 2032 ‚
82 2041 250 2084 festinat
275 2041 329 2082 ad
350 2040 582 2083 Christum:
659 2031 665 2039 ⁸
1063 2057 1083 2069 ·

144 2109 253 2152 Vm.
289 2109 411 2154 Nunc
443 2109 719 2153 discutiamus
745 2109 847 2166 quid
876 2110 929 2153 sit
962 2125 1130 2154 movere
1159 2121 1299 2170 caput.
1334 2114 1442 2168 Quis

86 2188 150 2223 est
173 2180 320 2239 populi
354 2188 502 2239 capnt,
539 2180 620 2223 nisi
650 2180 902 2223 ChristusP«
927 2181 1064 2240 Caput
1104 2183 1217 2226 enim
1255 2184 1444 2227 mulieris

30 2307 32 2311 Δ
88 2251 197 2299 uvir,
228 2259 357 2309 caput
377 2259 519 2293 autem
543 2251 623 2293 viri
649 2251 842 2294 Christus
863 2251 893 2294 ⁷.
923 2270 938 2290 ι
953 2252 1037 2294 Sed
1057 2252 1183 2301 etiam
1207 2253 1293 2296 Lex
1321 2264 1449 2312 capnt

89 2321 361 2379 intelligibilis
387 2315 597 2364 mulieriss
619 2322 813 2380 Denique
838 2321 991 2364 mulier
1011 2323 1088 2364 sub
1110 2323 1221 2382 Leg'e
1245 2332 1446 2382 tanquam

92 2391 171 2433 snb
193 2390 281 2433 viro
303 2391 393 2433 fuit.
420 2391 672 2435 Mortificate
695 2400 837 2435 autem
860 2393 944 2434 ritu
976 2392 1147 2449 judaIco
1173 2393 1245 2450 qni
1271 2402 1362 2436 erat
1384 2411 1450 2438 se-

30 2462 32 2464 ’
95 2462 281 2504 cundum
300 2462 484 2505 litteram
513 2461 635 2520 Legis
649 2496 661 2512 ,
686 2463 875 2520 innupsit
894 2463 933 2505 ei
959 2463 1111 2511 mulier
1131 2464 1204 2521 qni
1231 2479 1252 2505 a
1274 2466 1452 2511 mortuis

95 2531 334 2574 resurrexit.
356 2533 476 2575 Unde
497 2533 667 2590 quidam
687 2533 868 2591 mystice
884 2533 1172 2590 interpretati,
1195 2533 1451 2578 mortificato

0 2680 2 2682 Ι
29 2671 31 2674 ι
102 2646 104 2648 ·
146 2641 157 2657 ·
174 2633 253 2666 Psal.
270 2644 381 2669 xxxvx.
393 2634 493 2667 36.-
508 2644 521 2660 ⁸
538 2635 619 2668 Luc.
635 2646 718 2673 xvn,
732 2647 810 2679 7.-
824 2637 839 2660 ³
854 2634 940 2668 Psal.
959 2646 1069 2684 mxxix,
1085 2634 1133 2667 13.
1148 2653 1190 2661 —-
1208 2635 1221 2661 ⁴
1234 2634 1333 2669 Dent.
1351 2645 1382 2674 v,
1399 2637 1455 2679 5¹.-

3 2686 6 2687 ⁷
49 2702 78 2712 κ
100 2707 143 2715 -
155 2691 171 2715 ὅ
186 2688 281 2723 Joan.
298 2689 413 2733 xiv,6.
425 2708 467 2715 -
482 2691 499 2714 ὓ
514 2691 611 2724 Cant.
628 2690 772 2727 nv,8.-
785 2697 798 2720 ⁷
820 2701 835 2723 ι
850 2689 932 2723 Cor.
950 2700 998 2728 ιι,
1015 2689 1048 2724 3.
