1800 3236
388 294 468 347 ²42
933 308 966 340 s.
1007 308 1198 340 Amnnosu

382 386 519 447 aliqua
542 384 726 446 procella
752 384 985 446 perturbat.
1013 384 1200 432 Amisisti
1227 382 1397 431 filium?
1417 385 1466 432 In
1487 385 1559 433 illo
1578 387 1739 442 dolore,

383 458 426 503 in
443 458 511 503 illa
528 466 668 509 nocte,
691 456 733 502 in
754 457 824 502 illa
842 458 1115 503 destitutione
1136 466 1351 503 memento
1366 458 1540 504 Domini
1560 461 1639 505 Dei
1656 462 1717 506 tui
1734 478 1746 513 3

388 547 443 574 ne
465 530 582 589 quasi
602 545 689 573 non
705 529 925 572 exauditus
939 562 951 580 ,
971 530 1160 588 ingratus
1178 530 1232 573 sis
1251 564 1261 580 ,
1284 530 1386 585 etin
1410 539 1481 574 tua
1495 533 1726 590 praevarice
1744 559 1750 566 ·

384 602 441 645 ris
461 616 660 644 mrunma.
695 601 845 644 Pulsus
866 616 910 643 es
937 600 978 643 in
1003 601 1207 644 exilium?
1237 602 1450 646 Memento
1479 602 1651 647 Domini
1671 603 1750 647 Dei
1788 623 1790 626 ·

385 672 470 721 tui;
501 687 553 714 ne
581 668 724 730 patriae
751 670 988 719 interdictae
1016 671 1120 722 tibi,
1148 673 1401 716 charitatem
1425 673 1515 732 Deo
1536 674 1746 733 praeferas.

386 741 579 800 Alicujns
602 740 739 784 divitis
761 757 984 800 oppressus
1000 743 1189 801 potentia
1211 743 1387 787 amisisti
1410 744 1600 803 proprias
1615 745 1753 789 facul—

386 821 507 863 tates,
529 812 689 870 indiges
706 812 909 871 sumptu?
929 814 1142 857 Memento
1156 814 1327 857 Domini
1344 814 1423 858 Dei
1437 815 1499 858 tui
1514 830 1526 865 ς
1545 831 1599 859 ne
1615 830 1700 859 nox
1713 823 1753 861 te

386 882 579 943 egestatis
602 882 787 927 abducat
808 899 828 926 a
847 885 1083 928 devotionis
1106 885 1275 929 affectu.
1303 886 1394 948 Hoc
1414 894 1479 930 est
1497 886 1612 935 enim
1638 902 1754 932 man—

389 954 535 998 datum
573 954 721 1013 Legis,
759 962 808 997 ut
839 955 883 997 in
911 964 1039 999 nocte
1067 956 1200 1015 magis
1235 972 1426 1014 qumi-as»,
1462 959 1633 1016 quando
1668 973 1754 1002 ma-

387 1026 449 1084 gis
466 1025 699 1069 exaudiaris
723 1040 746 1068 a
765 1025 949 1069 Domino
965 1059 976 1077 ,
1012 1035 1055 1072 et
1079 1027 1212 1087 possis
1247 1027 1388 1071 dicere
1412 1043 1422 1071 :
1458 1046 1475 1068 α
1490 1029 1540 1072 In
1568 1029 1755 1073 tribula—

386 1114 403 1137 »
418 1095 530 1139 tione
543 1095 734 1139 invocavi
750 1096 1000 1146 Dominum,
1024 1105 1066 1140 et
1076 1097 1285 1141 exaudivit
1303 1097 1430 1140 mein
1446 1098 1711 1146 latitudine¹;
1729 1118 1746 1142 n

443 1166 628 1211 XXXV.·
662 1166 748 1209 Sed
769 1181 847 1209 nec
864 1181 1056 1225 quaerere
1076 1157 1367 1226 perfunctorie
1387 1168 1575 1221 abundat
1591 1171 1644 1212 ad
1658 1184 1756 1228 gra—

390 1236 490 1280 tiam
506 1269 517 1286 ,
545 1238 619 1280 sed
640 1245 688 1279 ut
714 1236 878 1280 insistas
899 1246 941 1280 et
961 1237 1154 1281 intendas
1172 1239 1351 1281 muneri.
1379 1239 1571 1298 Denique
1592 1239 1674 1285 ista
1690 1241 1758 1284 vel

388 1307 578 1351 Ecclesia
605 1309 672 1351 vel
694 1307 834 1351 anima
854 1341 865 1358 ‚
894 1324 987 1366 quae
1010 1309 1229 1367 requisivit
1249 1309 1291 1352 in
1319 1310 1476 1362 cubili,
1502 1311 1691 1369 quaesivit
1713 1313 1757 1355 in

387 1378 601 1428 noctibus,
625 1378 763 1437 primo
781 1393 869 1422 non
891 1378 1074 1429 invenit;
1098 1379 1196 1437 quia
1219 1379 1395 1423 sortasse
1415 1380 1459 1424 in
1488 1381 1622 1442 cubili
1641 1398 1758 1441 quaa.-

389 1447 503 1492 sivit²
529 1464 539 1492 ε
565 1450 638 1492 sed
674 1458 951 1507 posteaquam
994 1451 1177 1493 surrexit
1202 1483 1213 1500 ,
1247 1458 1292 1494 et
1322 1451 1424 1505 abiit
1463 1451 1525 1495 in
1545 1451 1758 1499 civitatem

393 1518 505 1575 (vide
532 1516 585 1561 ne
621 1519 735 1562 illam
770 1518 984 1562 civitatem
1013 1520 1056 1562 in
1082 1536 1208 1578 quam
1235 1521 1443 1565 Dominus
1468 1513 1758 1569 colobiatums

387 1587 545 1634 Pascha
559 1622 570 1639 ,
589 1588 830 1648 Discipulos
853 1590 1079 1633 destinavit
1095 1591 1239 1635 dicens
1258 1607 1268 1635 ε
1296 1609 1312 1631 α
1329 1592 1450 1635 Itein
1469 1592 1685 1644 civitatem
1706 1595 1759 1646 ad

390 1660 648 1716 »quemdam
664 1659 706 1718 3)
734 1669 1010 1718 posteaquam
1036 1660 1078 1704 in
1100 1662 1192 1719 foro
1209 1695 1221 1713 ,
1252 1671 1300 1706 ut
1321 1662 1431 1714 dixi,
1454 1662 1671 1721 quaesivit,
1693 1664 1757 1709 in-

388 1729 503 1772 venit
525 1744 650 1786 quem
674 1718 836 1780 dilexit,
862 1731 934 1773 ubi
957 1732 1099 1774 oleum
1115 1733 1467 1790 venditumquod
1487 1742 1758 1792 expectantes

388 1795 600 1858 'Sponsum
637 1816 782 1844 emere
810 1803 1124 1853 consuerunffl,
1145 1804 1219 1846 ubi
1244 1804 1339 1862 jus,
1363 1804 1438 1847 uhi
1458 1806 1585 1864 leges.
1619 1805 1664 1863 Si
1691 1807 1759 1850 lex

389 1867 607 1929 spiritalis,
631 1879 674 1913 et
696 1871 847 1915 sorum
865 1881 928 1915 est
949 1873 1095 1930 utique
1116 1874 1300 1932 spiritale
1317 1908 1326 1924 ‚
1351 1875 1426 1918 ubi
1452 1875 1667 1934 disput-ant
1681 1892 1758 1935 pe-

387 1937 456 1983 riti
479 1941 580 2000 legis
610 1949 788 1985 aeternae.
826 1943 956 1997 Quod
982 1942 1122 1986 sorum
1154 1959 1241 1987 non
1269 1944 1415 1988 litibus
1445 1947 1756 1995 tumultuosum

388 2018 476 2061 est,
505 2011 579 2053 sed
597 2010 754 2055 Christi
783 2008 1065 2056 tribunalibus
1082 2013 1328 2071 gloriosum.
1352 2014 1432 2058 Ubi
1454 2015 1664 2074 quaesivit,
1689 2016 1756 2060 in-

389 2080 548 2138 quam?
569 2081 618 2123 In
642 2081 734 2124 foro
759 2097 769 2124 ε
795 2091 838 2125 et
858 2091 953 2141 post
974 2084 1165 2142 quaesivit
1186 2084 1229 2126 in
1250 2085 1400 2142 plateis
1416 2119 1428 2136 ,
1457 2085 1510 2128 de
1532 2086 1687 2143 quibus
1710 2086 1756 2130 hi

388 2149 460 2207 qui
487 2149 1125 2212 adpatrisfamilias'evangelici
1153 2155 1380 2212 prandium
1416 2156 1715 2208 conveni1=ent⁵
1737 2187 1751 2207 ·,

389 2216 728 2279 colligebantur,
764 2224 836 2281 qui
866 2212 1004 2280 vocati
1032 2228 1320 2280 excusandum
1350 2242 1395 2269 se
1423 2227 1475 2271 ab
1505 2227 1753 2286 hujusmodi

384 2291 519 2349 epulis
542 2307 626 2335 non
646 2301 864 2351 putarunt.
891 2295 1171 2356 Posteaquam
1189 2296 1233 2339 in
1254 2296 1362 2347 sore,
1382 2297 1573 2355 inquam,
1592 2306 1638 2347 et,
1655 2300 1751 2357 pla-

385 2360 462 2404 teis
488 2358 701 2419 quaesivit,
735 2363 884 2407 incidit
904 2365 946 2407 in
978 2381 1049 2408 eos
1081 2365 1153 2422 qui
1179 2366 1451 2411 circumeunt
1471 2367 1707 2412 civitatem⁶
1736 2384 1747 2412 :

384 2440 427 2475 et
448 2440 550 2476 tunc
568 2433 742 2478 demum
763 2436 903 2494 potuit
919 2436 1109 2480 invenire
1132 2439 1248 2494 quod
1270 2438 1481 2495 quaesivit,
1503 2438 1678 2483 fortasse
1699 2455 1750 2484 eo

385 2504 500 2561 quod
518 2503 577 2546 in
604 2504 878 2549 tribulatione
904 2515 947 2550 et
978 2516 1099 2551 metu
1128 2508 1267 2566 posita
1289 2510 1421 2568 magis
1446 2509 1631 2558 inveniat
1653 2525 1751 2569 gra—

432 2613 441 2629 ¹
462 2606 544 2639 Psal.
558 2617 661 2647 cxvu,
679 2608 758 2640 5.—-
776 2616 788 2632 ⁸
809 2607 906 2642 Cant.
921 2619 975 2646 ιιι,
989 2610 1052 2650 2-4.
1064 2611 1132 2636 -³
1152 2611 1272 2646 Matth.
1287 2622 1378 2654 xxvi,
1397 2611 1448 2648 18.
1466 2629 1508 2662 ᾗ
1522 2613 1536 2642 6
1551 2611 1606 2648 ld.
1619 2620 1745 2657 xxmq.

385 2675 427 2708 Ξ
442 2661 455 2685 ⁶
472 2659 551 2696 Luc.
565 2671 632 2706 xxv,
651 2671 701 2696 αι.
717 2680 758 2711 77
774 2663 790 2687 θ
802 2662 900 2712 Cant.
921 2674 972 2703 111,
987 2664 1036 2711 5.,
