<?xml version="1.0" encoding="UTF-8"?>
<!DOCTYPE html PUBLIC "-//W3C//DTD XHTML 1.0 Transitional//EN"
    "http://www.w3.org/TR/xhtml1/DTD/xhtml1-transitional.dtd">
<html xmlns="http://www.w3.org/1999/xhtml" xml:lang="en" lang="en">
 <head>
  <title>
</title>
<meta http-equiv="Content-Type" content="text/html;charset=utf-8" />
  <meta name='ocr-system' content='tesseract 3.04.00' />
  <meta name='ocr-capabilities' content='ocr_page ocr_carea ocr_par ocr_line ocrx_word'/>
</head>
<body>
  <div class='ocr_page' id='page_1' title='image "./omniaequaeextant04ambruoft_0420.png"; bbox 0 0 1800 3236; ppageno 0'>
   <div class='ocr_carea' id='block_1_1' title="bbox 391 315 1206 367">
    <p class='ocr_par' dir='ltr' id='par_1_1' title="bbox 391 315 1206 367">
     <span class='ocr_line' id='line_1_1' title="bbox 391 315 1206 367; baseline 0.001 -10"><span class='ocrx_word' id='word_1_1' title='bbox 391 315 420 367; x_wconf 71' lang='lat' dir='ltr'><strong>l.</strong></span> <span class='ocrx_word' id='word_1_2' title='bbox 430 330 443 357; x_wconf 92' lang='lat'>1</span> <span class='ocrx_word' id='word_1_3' title='bbox 454 330 481 357; x_wconf 90' lang='lat' dir='ltr'><strong>o</strong></span> <span class='ocrx_word' id='word_1_4' title='bbox 943 329 976 358; x_wconf 77' lang='lat' dir='ltr'><strong>s.</strong></span> <span class='ocrx_word' id='word_1_5' title='bbox 1014 328 1206 359; x_wconf 62' lang='lat' dir='ltr'><strong>annosa</strong></span> 
     </span>
    </p>
   </div>
   <div class='ocr_carea' id='block_1_2' title="bbox 346 406 1769 2597">
    <p class='ocr_par' dir='ltr' id='par_1_2' title="bbox 386 406 1764 1036">
     <span class='ocr_line' id='line_1_2' title="bbox 397 406 1761 466; baseline 0.002 -17"><span class='ocrx_word' id='word_1_6' title='bbox 397 406 564 450; x_wconf 91' lang='lat' dir='ltr'><strong>minum</strong></span> <span class='ocrx_word' id='word_1_7' title='bbox 594 406 861 457; x_wconf 78' lang='lat' dir='ltr'><strong>clamaverit,</strong></span> <span class='ocrx_word' id='word_1_8' title='bbox 892 415 934 450; x_wconf 88' lang='lat' dir='ltr'><strong>et</strong></span> <span class='ocrx_word' id='word_1_9' title='bbox 958 408 1179 451; x_wconf 81' lang='lat' dir='ltr'><strong>custodem</strong></span> <span class='ocrx_word' id='word_1_10' title='bbox 1210 421 1254 451; x_wconf 92' lang='lat' dir='ltr'><strong>se</strong></span> <span class='ocrx_word' id='word_1_11' title='bbox 1281 407 1492 466; x_wconf 88' lang='lat' dir='ltr'><strong>promittit</strong></span> <span class='ocrx_word' id='word_1_12' title='bbox 1524 407 1761 452; x_wconf 84' lang='lat' dir='ltr'><strong>coelestium</strong></span> 
     </span>
     <span class='ocr_line' id='line_1_3' title="bbox 393 479 1762 540; baseline 0.002 -20"><span class='ocrx_word' id='word_1_13' title='bbox 393 486 676 528; x_wconf 82' lang='lat' dir='ltr'><strong>statutorum,</strong></span> <span class='ocrx_word' id='word_1_14' title='bbox 709 493 804 535; x_wconf 87' lang='lat' dir='ltr'><strong>quae</strong></span> <span class='ocrx_word' id='word_1_15' title='bbox 836 479 945 521; x_wconf 84' lang='lat' dir='ltr'><strong>coelo</strong></span> <span class='ocrx_word' id='word_1_16' title='bbox 979 486 1178 540; x_wconf 84' lang='lat' dir='ltr'><strong>terraque</strong></span> <span class='ocrx_word' id='word_1_17' title='bbox 1204 479 1381 521; x_wconf 87' lang='lat' dir='ltr'><strong>testibus</strong></span> <span class='ocrx_word' id='word_1_18' title='bbox 1411 479 1619 522; x_wconf 84' lang='lat' dir='ltr'><strong>Dominus</strong></span> <span class='ocrx_word' id='word_1_19' title='bbox 1647 479 1762 524; x_wconf 77' lang='lat' dir='ltr'><strong>Deus</strong></span> 
     </span>
     <span class='ocr_line' id='line_1_4' title="bbox 390 540 1762 609; baseline 0.001 -16"><span class='ocrx_word' id='word_1_20' title='bbox 390 549 547 593; x_wconf 65' lang='lat' dir='ltr'><strong>sanxit*</strong></span> <span class='ocrx_word' id='word_1_21' title='bbox 567 584 578 601; x_wconf 93' lang='lat'>‚</span> <span class='ocrx_word' id='word_1_22' title='bbox 610 558 658 593; x_wconf 88' lang='lat' dir='ltr'><strong>ut</strong></span> <span class='ocrx_word' id='word_1_23' title='bbox 693 540 1036 609; x_wconf 77' lang='lat' dir='ltr'><strong>praevaricatores</strong></span> <span class='ocrx_word' id='word_1_24' title='bbox 1060 552 1371 603; x_wconf 85' lang='lat' dir='ltr'><strong>elementorum</strong></span> <span class='ocrx_word' id='word_1_25' title='bbox 1406 550 1658 594; x_wconf 75' lang='lat' dir='ltr'><strong>testimoniis</strong></span> <span class='ocrx_word' id='word_1_26' title='bbox 1694 564 1762 594; x_wconf 80' lang='lat' dir='ltr'><strong>ar-</strong></span> 
     </span>
     <span class='ocr_line' id='line_1_5' title="bbox 387 621 1762 680; baseline 0.001 -16"><span class='ocrx_word' id='word_1_27' title='bbox 387 630 587 680; x_wconf 83' lang='lat' dir='ltr'><strong>guantur.</strong></span> <span class='ocrx_word' id='word_1_28' title='bbox 620 622 847 674; x_wconf 87' lang='lat' dir='ltr'><strong>Quomodo</strong></span> <span class='ocrx_word' id='word_1_29' title='bbox 876 623 1033 664; x_wconf 86' lang='lat' dir='ltr'><strong>coelum</strong></span> <span class='ocrx_word' id='word_1_30' title='bbox 1064 621 1267 680; x_wconf 79' lang='lat' dir='ltr'><strong>aspiciant</strong></span> <span class='ocrx_word' id='word_1_31' title='bbox 1296 621 1654 679; x_wconf 76' lang='lat' dir='ltr'><strong>praevaricationis</strong></span> <span class='ocrx_word' id='word_1_32' title='bbox 1677 635 1762 665; x_wconf 85' lang='lat' dir='ltr'><strong>suae</strong></span> 
     </span>
     <span class='ocr_line' id='line_1_6' title="bbox 391 687 1764 751; baseline -0.001 -14"><span class='ocrx_word' id='word_1_33' title='bbox 391 693 640 737; x_wconf 75' lang='lat' dir='ltr'><strong>conscium?</strong></span> <span class='ocrx_word' id='word_1_34' title='bbox 665 693 892 745; x_wconf 86' lang='lat' dir='ltr'><strong>Quomodo</strong></span> <span class='ocrx_word' id='word_1_35' title='bbox 909 693 1074 736; x_wconf 88' lang='lat' dir='ltr'><strong>fructus</strong></span> <span class='ocrx_word' id='word_1_36' title='bbox 1092 695 1144 736; x_wconf 89' lang='lat' dir='ltr'><strong>de</strong></span> <span class='ocrx_word' id='word_1_37' title='bbox 1163 701 1276 736; x_wconf 87' lang='lat' dir='ltr'><strong>terra</strong></span> <span class='ocrx_word' id='word_1_38' title='bbox 1300 699 1545 751; x_wconf 77' lang='lat' dir='ltr'>expectent,</span> <span class='ocrx_word' id='word_1_39' title='bbox 1572 687 1667 751; x_wconf 67' lang='lat' dir='ltr'><strong>quae</strong></span> <span class='ocrx_word' id='word_1_40' title='bbox 1690 708 1764 736; x_wconf 89' lang='lat' dir='ltr'><strong>no-</strong></span> 
     </span>
     <span class='ocr_line' id='line_1_7' title="bbox 390 764 1763 823; baseline -0.001 -15"><span class='ocrx_word' id='word_1_41' title='bbox 390 765 449 808; x_wconf 93' lang='lat' dir='ltr'><strong>vit</strong></span> <span class='ocrx_word' id='word_1_42' title='bbox 478 764 692 823; x_wconf 72' lang='lat' dir='ltr'><strong>ingratos?</strong></span> <span class='ocrx_word' id='word_1_43' title='bbox 715 764 821 809; x_wconf 90' lang='lat' dir='ltr'><strong>Vide</strong></span> <span class='ocrx_word' id='word_1_44' title='bbox 842 764 971 823; x_wconf 83' lang='lat' dir='ltr'><strong>igitur</strong></span> <span class='ocrx_word' id='word_1_45' title='bbox 991 778 1118 822; x_wconf 81' lang='lat' dir='ltr'><strong>quam</strong></span> <span class='ocrx_word' id='word_1_46' title='bbox 1139 779 1226 807; x_wconf 91' lang='lat' dir='ltr'><strong>non</strong></span> <span class='ocrx_word' id='word_1_47' title='bbox 1251 779 1380 822; x_wconf 85' lang='lat' dir='ltr'><strong>parva</strong></span> <span class='ocrx_word' id='word_1_48' title='bbox 1401 764 1624 822; x_wconf 74' lang='lat' dir='ltr'><strong>promittat</strong></span> <span class='ocrx_word' id='word_1_49' title='bbox 1654 764 1763 807; x_wconf 87' lang='lat' dir='ltr'><strong>Pro-</strong></span> 
     </span>
     <span class='ocr_line' id='line_1_8' title="bbox 388 833 1763 893; baseline -0.001 -16"><span class='ocrx_word' id='word_1_50' title='bbox 388 836 529 893; x_wconf 80' lang='lat' dir='ltr'><strong>pheta.</strong></span> <span class='ocrx_word' id='word_1_51' title='bbox 563 835 610 877; x_wconf 88' lang='lat' dir='ltr'><strong>In</strong></span> <span class='ocrx_word' id='word_1_52' title='bbox 628 835 853 878; x_wconf 86' lang='lat' dir='ltr'><strong>clamando</strong></span> <span class='ocrx_word' id='word_1_53' title='bbox 874 835 1012 878; x_wconf 85' lang='lat' dir='ltr'><strong>fidelis</strong></span> <span class='ocrx_word' id='word_1_54' title='bbox 1042 843 1086 878; x_wconf 90' lang='lat' dir='ltr'><strong>et</strong></span> <span class='ocrx_word' id='word_1_55' title='bbox 1112 842 1334 893; x_wconf 80' lang='lat' dir='ltr'><strong>promptus</strong></span> <span class='ocrx_word' id='word_1_56' title='bbox 1363 834 1539 877; x_wconf 81' lang='lat' dir='ltr'><strong>affectus</strong></span> <span class='ocrx_word' id='word_1_57' title='bbox 1567 833 1763 893; x_wconf 77' lang='lat' dir='ltr'><strong>exprimi-</strong></span> 
     </span>
     <span class='ocr_line' id='line_1_9' title="bbox 388 905 1762 957; baseline 0 -8"><span class='ocrx_word' id='word_1_58' title='bbox 388 916 487 950; x_wconf 87' lang='lat' dir='ltr'><strong>tur:</strong></span> <span class='ocrx_word' id='word_1_59' title='bbox 513 908 556 950; x_wconf 90' lang='lat' dir='ltr'><strong>in</strong></span> <span class='ocrx_word' id='word_1_60' title='bbox 589 907 869 951; x_wconf 85' lang='lat' dir='ltr'><strong>custodiendo</strong></span> <span class='ocrx_word' id='word_1_61' title='bbox 900 907 1167 956; x_wconf 84' lang='lat' dir='ltr'><strong>testimonia,</strong></span> <span class='ocrx_word' id='word_1_62' title='bbox 1198 905 1472 950; x_wconf 81' lang='lat' dir='ltr'><strong>continentiae</strong></span> <span class='ocrx_word' id='word_1_63' title='bbox 1497 906 1650 957; x_wconf 80' lang='lat' dir='ltr'><strong>virtus,</strong></span> <span class='ocrx_word' id='word_1_64' title='bbox 1688 906 1762 949; x_wconf 80' lang='lat' dir='ltr'><strong>ob-</strong></span> 
     </span>
     <span class='ocr_line' id='line_1_10' title="bbox 386 978 1016 1036; baseline -0.003 -15"><span class='ocrx_word' id='word_1_65' title='bbox 386 978 519 1036; x_wconf 87' lang='lat' dir='ltr'><strong>sequii</strong></span> <span class='ocrx_word' id='word_1_66' title='bbox 539 978 739 1021; x_wconf 82' lang='lat' dir='ltr'><strong>sedulitas</strong></span> <span class='ocrx_word' id='word_1_67' title='bbox 760 979 1016 1020; x_wconf 75' lang='lat' dir='ltr'><strong>declaratur.</strong></span> 
     </span>
    </p>

    <p class='ocr_par' dir='ltr' id='par_1_3' title="bbox 387 1046 1765 1673">
     <span class='ocr_line' id='line_1_11' title="bbox 447 1046 1764 1106; baseline -0.002 -15"><span class='ocrx_word' id='word_1_68' title='bbox 447 1048 561 1093; x_wconf 88' lang='lat' dir='ltr'>XVI.</span> <span class='ocrx_word' id='word_1_69' title='bbox 598 1047 801 1106; x_wconf 82' lang='lat' dir='ltr'><strong>Sequitur</strong></span> <span class='ocrx_word' id='word_1_70' title='bbox 822 1063 967 1101; x_wconf 85' lang='lat' dir='ltr'><strong>versus</strong></span> <span class='ocrx_word' id='word_1_71' title='bbox 1003 1047 1152 1090; x_wconf 87' lang='lat' dir='ltr'><strong>tertius</strong></span> <span class='ocrx_word' id='word_1_72' title='bbox 1178 1062 1221 1090; x_wconf 70' lang='lat' dir='ltr'><strong>:u</strong></span> <span class='ocrx_word' id='word_1_73' title='bbox 1250 1046 1499 1106; x_wconf 83' lang='lat' dir='ltr'><strong>Anticipavi.</strong></span> <span class='ocrx_word' id='word_1_74' title='bbox 1515 1046 1561 1089; x_wconf 84' lang='lat' dir='ltr'><strong>in</strong></span> <span class='ocrx_word' id='word_1_75' title='bbox 1588 1046 1764 1090; x_wconf 83' lang='lat' dir='ltr'><strong>maturi-</strong></span> 
     </span>
     <span class='ocr_line' id='line_1_12' title="bbox 387 1118 1765 1178; baseline 0.001 -19"><span class='ocrx_word' id='word_1_76' title='bbox 387 1138 403 1159; x_wconf 74' lang='lat'><strong>»</strong></span> <span class='ocrx_word' id='word_1_77' title='bbox 417 1127 502 1162; x_wconf 83' lang='lat' dir='ltr'><strong>tate</strong></span> <span class='ocrx_word' id='word_1_78' title='bbox 514 1152 525 1170; x_wconf 88' lang='lat'><strong>,</strong></span> <span class='ocrx_word' id='word_1_79' title='bbox 545 1127 587 1162; x_wconf 92' lang='lat' dir='ltr'><strong>et</strong></span> <span class='ocrx_word' id='word_1_80' title='bbox 602 1119 832 1163; x_wconf 84' lang='lat' dir='ltr'><strong>exclamavi</strong></span> <span class='ocrx_word' id='word_1_81' title='bbox 853 1134 862 1162; x_wconf 92' lang='lat'>:</span> <span class='ocrx_word' id='word_1_82' title='bbox 883 1119 926 1162; x_wconf 88' lang='lat' dir='ltr'><strong>in</strong></span> <span class='ocrx_word' id='word_1_83' title='bbox 944 1118 1072 1162; x_wconf 83' lang='lat' dir='ltr'><strong>verba</strong></span> <span class='ocrx_word' id='word_1_84' title='bbox 1092 1127 1164 1162; x_wconf 87' lang='lat' dir='ltr'><strong>tua</strong></span> <span class='ocrx_word' id='word_1_85' title='bbox 1182 1118 1390 1178; x_wconf 46' lang='lat' dir='ltr'><strong>speravi&amp;</strong></span> <span class='ocrx_word' id='word_1_86' title='bbox 1415 1118 1593 1162; x_wconf 82' lang='lat' dir='ltr'><strong>Graecus.</strong></span> <span class='ocrx_word' id='word_1_87' title='bbox 1605 1122 1636 1159; x_wconf 70' lang='grc' dir='ltr'><strong>ἐν</strong></span> <span class='ocrx_word' id='word_1_88' title='bbox 1653 1122 1765 1173; x_wconf 78' lang='grc' dir='ltr'>ἁωρία</span> 
     </span>
     <span class='ocr_line' id='line_1_13' title="bbox 390 1189 1763 1249; baseline 0.001 -18"><span class='ocrx_word' id='word_1_89' title='bbox 390 1190 516 1239; x_wconf 80' lang='lat' dir='ltr'><strong>dixit,</strong></span> <span class='ocrx_word' id='word_1_90' title='bbox 550 1192 664 1248; x_wconf 90' lang='lat' dir='ltr'><strong>quod</strong></span> <span class='ocrx_word' id='word_1_91' title='bbox 693 1199 779 1240; x_wconf 87' lang='lat' dir='ltr'><strong>est,</strong></span> <span class='ocrx_word' id='word_1_92' title='bbox 807 1199 902 1233; x_wconf 84' lang='lat' dir='ltr'><strong>ante</strong></span> <span class='ocrx_word' id='word_1_93' title='bbox 925 1190 1095 1239; x_wconf 87' lang='lat' dir='ltr'><strong>horam,</strong></span> <span class='ocrx_word' id='word_1_94' title='bbox 1122 1197 1218 1232; x_wconf 90' lang='lat' dir='ltr'><strong>ante</strong></span> <span class='ocrx_word' id='word_1_95' title='bbox 1238 1198 1419 1249; x_wconf 82' lang='lat' dir='ltr'><strong>tempus.</strong></span> <span class='ocrx_word' id='word_1_96' title='bbox 1448 1189 1535 1242; x_wconf 88' lang='lat' dir='ltr'><strong>Qui</strong></span> <span class='ocrx_word' id='word_1_97' title='bbox 1557 1203 1658 1248; x_wconf 86' lang='lat' dir='ltr'><strong>ergo</strong></span> <span class='ocrx_word' id='word_1_98' title='bbox 1680 1189 1763 1232; x_wconf 93' lang='lat' dir='ltr'><strong>Do-</strong></span> 
     </span>
     <span class='ocr_line' id='line_1_14' title="bbox 390 1253 1764 1320; baseline 0 -17"><span class='ocrx_word' id='word_1_99' title='bbox 390 1261 556 1307; x_wconf 84' lang='lat' dir='ltr'><strong>minum</strong></span> <span class='ocrx_word' id='word_1_100' title='bbox 570 1263 838 1320; x_wconf 85' lang='lat' dir='ltr'><strong>deprecatur,</strong></span> <span class='ocrx_word' id='word_1_101' title='bbox 852 1277 938 1305; x_wconf 87' lang='lat' dir='ltr'><strong>non</strong></span> <span class='ocrx_word' id='word_1_102' title='bbox 951 1263 1065 1305; x_wconf 83' lang='lat' dir='ltr'><strong>velut</strong></span> <span class='ocrx_word' id='word_1_103' title='bbox 1077 1253 1321 1319; x_wconf 84' lang='lat' dir='ltr'><strong>praescripta</strong></span> <span class='ocrx_word' id='word_1_104' title='bbox 1334 1260 1550 1319; x_wconf 75' lang='lat' dir='ltr'><strong>praecipua</strong></span> <span class='ocrx_word' id='word_1_105' title='bbox 1569 1267 1764 1319; x_wconf 76' lang='lat' dir='ltr'><strong>tempora</strong></span> 
     </span>
     <span class='ocr_line' id='line_1_15' title="bbox 391 1330 1765 1389; baseline 0 -15"><span class='ocrx_word' id='word_1_106' title='bbox 391 1333 659 1389; x_wconf 83' lang='lat' dir='ltr'><strong>praestoletur</strong></span> <span class='ocrx_word' id='word_1_107' title='bbox 682 1364 693 1382; x_wconf 92' lang='lat'><strong>,</strong></span> <span class='ocrx_word' id='word_1_108' title='bbox 715 1332 908 1375; x_wconf 86' lang='lat' dir='ltr'><strong>nesciens</strong></span> <span class='ocrx_word' id='word_1_109' title='bbox 938 1332 982 1374; x_wconf 93' lang='lat' dir='ltr'><strong>in</strong></span> <span class='ocrx_word' id='word_1_110' title='bbox 1005 1331 1371 1374; x_wconf 83' lang='lat' dir='ltr'><strong>obsecrationibus</strong></span> <span class='ocrx_word' id='word_1_111' title='bbox 1392 1330 1564 1374; x_wconf 87' lang='lat' dir='ltr'><strong>Domini</strong></span> <span class='ocrx_word' id='word_1_112' title='bbox 1593 1339 1765 1389; x_wconf 85' lang='lat' dir='ltr'><strong>tempus</strong></span> 
     </span>
     <span class='ocr_line' id='line_1_16' title="bbox 391 1400 1762 1460; baseline -0.001 -16"><span class='ocrx_word' id='word_1_113' title='bbox 391 1417 480 1444; x_wconf 91' lang='lat' dir='ltr'><strong>esse</strong></span> <span class='ocrx_word' id='word_1_114' title='bbox 505 1401 698 1459; x_wconf 82' lang='lat' dir='ltr'><strong>aliquod,</strong></span> <span class='ocrx_word' id='word_1_115' title='bbox 723 1404 798 1445; x_wconf 88' lang='lat' dir='ltr'><strong>sed</strong></span> <span class='ocrx_word' id='word_1_116' title='bbox 831 1416 998 1460; x_wconf 85' lang='lat' dir='ltr'><strong>semper</strong></span> <span class='ocrx_word' id='word_1_117' title='bbox 1018 1402 1061 1445; x_wconf 88' lang='lat' dir='ltr'><strong>in</strong></span> <span class='ocrx_word' id='word_1_118' title='bbox 1092 1402 1191 1460; x_wconf 89' lang='lat' dir='ltr'><strong>ipsis</strong></span> <span class='ocrx_word' id='word_1_119' title='bbox 1220 1402 1286 1446; x_wconf 90' lang='lat' dir='ltr'><strong>sit.</strong></span> <span class='ocrx_word' id='word_1_120' title='bbox 1311 1400 1407 1444; x_wconf 87' lang='lat' dir='ltr'><strong>Sive</strong></span> <span class='ocrx_word' id='word_1_121' title='bbox 1427 1400 1762 1450; x_wconf 77' lang='lat' dir='ltr'><strong>manducamus,</strong></span> 
     </span>
     <span class='ocr_line' id='line_1_17' title="bbox 390 1459 1762 1530; baseline -0.001 -15"><span class='ocrx_word' id='word_1_122' title='bbox 390 1472 475 1515; x_wconf 87' lang='lat' dir='ltr'><strong>sive</strong></span> <span class='ocrx_word' id='word_1_123' title='bbox 497 1472 685 1515; x_wconf 86' lang='lat' dir='ltr'><strong>bibimus</strong></span> <span class='ocrx_word' id='word_1_124' title='bbox 699 1506 710 1522; x_wconf 91' lang='lat'><strong>,</strong></span> <span class='ocrx_word' id='word_1_125' title='bbox 726 1459 943 1515; x_wconf 80' lang='lat' dir='ltr'><strong>Cbristum</strong></span> <span class='ocrx_word' id='word_1_126' title='bbox 962 1473 1263 1515; x_wconf 83' lang='lat' dir='ltr'><strong>annuntiemus</strong></span> <span class='ocrx_word' id='word_1_127' title='bbox 1277 1505 1288 1522; x_wconf 97' lang='lat'><strong>,</strong></span> <span class='ocrx_word' id='word_1_128' title='bbox 1305 1471 1523 1515; x_wconf 79' lang='lat' dir='ltr'><strong>Christum</strong></span> <span class='ocrx_word' id='word_1_129' title='bbox 1540 1483 1762 1530; x_wconf 71' lang='lat' dir='ltr'><strong>rogemus,</strong></span> 
     </span>
     <span class='ocr_line' id='line_1_18' title="bbox 390 1543 1765 1601; baseline 0.002 -17"><span class='ocrx_word' id='word_1_130' title='bbox 390 1543 608 1586; x_wconf 85' lang='lat' dir='ltr'><strong>Christum</strong></span> <span class='ocrx_word' id='word_1_131' title='bbox 626 1543 860 1601; x_wconf 85' lang='lat' dir='ltr'><strong>cogitemus</strong></span> <span class='ocrx_word' id='word_1_132' title='bbox 874 1577 885 1593; x_wconf 93' lang='lat'><strong>,</strong></span> <span class='ocrx_word' id='word_1_133' title='bbox 905 1543 1121 1586; x_wconf 86' lang='lat' dir='ltr'><strong>Christum</strong></span> <span class='ocrx_word' id='word_1_134' title='bbox 1138 1545 1389 1600; x_wconf 88' lang='lat' dir='ltr'><strong>loquamur:</strong></span> <span class='ocrx_word' id='word_1_135' title='bbox 1410 1543 1453 1586; x_wconf 87' lang='lat' dir='ltr'><strong>in</strong></span> <span class='ocrx_word' id='word_1_136' title='bbox 1472 1544 1602 1586; x_wconf 80' lang='lat' dir='ltr'><strong>corde</strong></span> <span class='ocrx_word' id='word_1_137' title='bbox 1618 1551 1765 1587; x_wconf 80' lang='lat' dir='ltr'><strong>nostro</strong></span> 
     </span>
     <span class='ocr_line' id='line_1_19' title="bbox 391 1615 1238 1673; baseline 0.001 -17"><span class='ocrx_word' id='word_1_138' title='bbox 391 1629 557 1672; x_wconf 89' lang='lat' dir='ltr'><strong>semper</strong></span> <span class='ocrx_word' id='word_1_139' title='bbox 574 1647 584 1664; x_wconf 91' lang='lat'><strong>,</strong></span> <span class='ocrx_word' id='word_1_140' title='bbox 609 1630 777 1673; x_wconf 87' lang='lat' dir='ltr'><strong>semper</strong></span> <span class='ocrx_word' id='word_1_141' title='bbox 798 1616 841 1658; x_wconf 90' lang='lat' dir='ltr'><strong>in</strong></span> <span class='ocrx_word' id='word_1_142' title='bbox 863 1630 937 1657; x_wconf 86' lang='lat' dir='ltr'><strong>ore</strong></span> <span class='ocrx_word' id='word_1_143' title='bbox 956 1615 1009 1658; x_wconf 91' lang='lat' dir='ltr'><strong>sit</strong></span> <span class='ocrx_word' id='word_1_144' title='bbox 1031 1615 1238 1658; x_wconf 86' lang='lat' dir='ltr'><strong>Christus.</strong></span> 
     </span>
    </p>

    <p class='ocr_par' dir='ltr' id='par_1_4' title="bbox 346 1681 1769 2526">
     <span class='ocr_line' id='line_1_20' title="bbox 448 1681 1767 1743; baseline -0.001 -15"><span class='ocrx_word' id='word_1_145' title='bbox 448 1684 583 1728; x_wconf 89' lang='lat' dir='ltr'><strong>XVII.</strong></span> <span class='ocrx_word' id='word_1_146' title='bbox 622 1684 707 1727; x_wconf 90' lang='lat' dir='ltr'><strong>Sed</strong></span> <span class='ocrx_word' id='word_1_147' title='bbox 725 1684 835 1728; x_wconf 88' lang='lat' dir='ltr'><strong>forte</strong></span> <span class='ocrx_word' id='word_1_148' title='bbox 851 1685 967 1728; x_wconf 84' lang='lat' dir='ltr'><strong>dicas</strong></span> <span class='ocrx_word' id='word_1_149' title='bbox 988 1700 998 1727; x_wconf 79' lang='lat' dir='ltr'><strong>t</strong></span> <span class='ocrx_word' id='word_1_150' title='bbox 1019 1685 1248 1737; x_wconf 89' lang='lat' dir='ltr'><strong>Quomodo</strong></span> <span class='ocrx_word' id='word_1_151' title='bbox 1267 1684 1475 1743; x_wconf 84' lang='lat' dir='ltr'><strong>scriptum</strong></span> <span class='ocrx_word' id='word_1_152' title='bbox 1491 1691 1557 1727; x_wconf 83' lang='lat' dir='ltr'><strong>est</strong></span> <span class='ocrx_word' id='word_1_153' title='bbox 1582 1681 1767 1728; x_wconf 62' lang='lat' dir='ltr'><strong>:ez-Tem-</strong></span> 
     </span>
     <span class='ocr_line' id='line_1_21' title="bbox 346 1754 1768 1815; baseline 0.004 -21"><span class='ocrx_word' id='word_1_154' title='bbox 346 1775 349 1779; x_wconf 96' lang='lat'>·</span> <span class='ocrx_word' id='word_1_155' title='bbox 391 1770 498 1812; x_wconf 89' lang='lat' dir='ltr'><strong>»pus</strong></span> <span class='ocrx_word' id='word_1_156' title='bbox 520 1756 717 1799; x_wconf 86' lang='lat' dir='ltr'><strong>omnibus</strong></span> <span class='ocrx_word' id='word_1_157' title='bbox 736 1789 747 1806; x_wconf 98' lang='lat'><strong>,</strong></span> <span class='ocrx_word' id='word_1_158' title='bbox 773 1765 815 1799; x_wconf 90' lang='lat' dir='ltr'><strong>et</strong></span> <span class='ocrx_word' id='word_1_159' title='bbox 845 1765 1008 1815; x_wconf 89' lang='lat' dir='ltr'><strong>tempus</strong></span> <span class='ocrx_word' id='word_1_160' title='bbox 1027 1756 1143 1798; x_wconf 90' lang='lat' dir='ltr'><strong>omni</strong></span> <span class='ocrx_word' id='word_1_161' title='bbox 1160 1756 1227 1798; x_wconf 50' lang='lat' dir='ltr'><strong>*rei</strong></span> <span class='ocrx_word' id='word_1_162' title='bbox 1255 1756 1333 1798; x_wconf 91' lang='lat' dir='ltr'><strong>sub</strong></span> <span class='ocrx_word' id='word_1_163' title='bbox 1355 1757 1463 1799; x_wconf 87' lang='lat' dir='ltr'><strong>coelo</strong></span> <span class='ocrx_word' id='word_1_164' title='bbox 1491 1754 1578 1798; x_wconf 66' lang='lat' dir='ltr'><strong>est³</strong></span> <span class='ocrx_word' id='word_1_165' title='bbox 1601 1754 1622 1797; x_wconf 62' lang='grc' dir='ltr'>ἲ</span> <span class='ocrx_word' id='word_1_166' title='bbox 1643 1771 1660 1795; x_wconf 74' lang='grc' dir='ltr'>ι</span> <span class='ocrx_word' id='word_1_167' title='bbox 1681 1754 1768 1799; x_wconf 77' lang='lat' dir='ltr'><strong>Sed</strong></span> 
     </span>
     <span class='ocr_line' id='line_1_22' title="bbox 389 1826 1768 1885; baseline 0.001 -17"><span class='ocrx_word' id='word_1_168' title='bbox 389 1826 598 1870; x_wconf 89' lang='lat' dir='ltr'><strong>Dominus</strong></span> <span class='ocrx_word' id='word_1_169' title='bbox 614 1826 738 1869; x_wconf 86' lang='lat' dir='ltr'><strong>Jesus</strong></span> <span class='ocrx_word' id='word_1_170' title='bbox 760 1842 885 1885; x_wconf 87' lang='lat' dir='ltr'><strong>supra</strong></span> <span class='ocrx_word' id='word_1_171' title='bbox 902 1829 1059 1870; x_wconf 85' lang='lat' dir='ltr'><strong>coelum</strong></span> <span class='ocrx_word' id='word_1_172' title='bbox 1079 1835 1168 1876; x_wconf 86' lang='lat' dir='ltr'><strong>est,</strong></span> <span class='ocrx_word' id='word_1_173' title='bbox 1193 1827 1310 1869; x_wconf 90' lang='lat' dir='ltr'><strong>nullo</strong></span> <span class='ocrx_word' id='word_1_174' title='bbox 1333 1826 1683 1885; x_wconf 76' lang='lat' dir='ltr'><strong>circumscriptus</strong></span> <span class='ocrx_word' id='word_1_175' title='bbox 1703 1834 1768 1869; x_wconf 91' lang='lat' dir='ltr'><strong>est</strong></span> 
     </span>
     <span class='ocr_line' id='line_1_23' title="bbox 395 1893 1769 1956; baseline 0.001 -18"><span class='ocrx_word' id='word_1_176' title='bbox 395 1903 598 1953; x_wconf 85' lang='lat' dir='ltr'><strong>tempore.</strong></span> <span class='ocrx_word' id='word_1_177' title='bbox 628 1897 806 1940; x_wconf 85' lang='lat' dir='ltr'><strong>Claudat</strong></span> <span class='ocrx_word' id='word_1_178' title='bbox 827 1913 873 1940; x_wconf 90' lang='lat' dir='ltr'><strong>os</strong></span> <span class='ocrx_word' id='word_1_179' title='bbox 897 1913 1023 1940; x_wconf 91' lang='lat' dir='ltr'><strong>suum</strong></span> <span class='ocrx_word' id='word_1_180' title='bbox 1051 1898 1214 1940; x_wconf 79' lang='lat' dir='ltr'><strong>arriana</strong></span> <span class='ocrx_word' id='word_1_181' title='bbox 1228 1893 1427 1956; x_wconf 80' lang='lat' dir='ltr'><strong>perfidia.</strong></span> <span class='ocrx_word' id='word_1_182' title='bbox 1445 1915 1463 1937; x_wconf 73' lang='grc' dir='ltr'><strong>α</strong></span> <span class='ocrx_word' id='word_1_183' title='bbox 1479 1898 1687 1955; x_wconf 78' lang='lat' dir='ltr'><strong>Tempus,</strong></span> <span class='ocrx_word' id='word_1_184' title='bbox 1706 1897 1769 1940; x_wconf 88' lang='lat' dir='ltr'><strong>in-</strong></span> 
     </span>
     <span class='ocr_line' id='line_1_24' title="bbox 384 1965 1766 2026; baseline 0.004 -20"><span class='ocrx_word' id='word_1_185' title='bbox 384 1985 409 2005; x_wconf 30' lang='lat' dir='ltr'><strong>r»</strong></span> <span class='ocrx_word' id='word_1_186' title='bbox 425 1965 516 2023; x_wconf 89' lang='lat' dir='ltr'><strong>quit</strong></span> <span class='ocrx_word' id='word_1_187' title='bbox 530 1999 541 2016; x_wconf 94' lang='lat'><strong>,</strong></span> <span class='ocrx_word' id='word_1_188' title='bbox 565 1967 682 2009; x_wconf 90' lang='lat' dir='ltr'><strong>omni</strong></span> <span class='ocrx_word' id='word_1_189' title='bbox 705 1968 767 2010; x_wconf 85' lang='lat' dir='ltr'><strong>rei</strong></span> <span class='ocrx_word' id='word_1_190' title='bbox 789 1968 868 2010; x_wconf 90' lang='lat' dir='ltr'><strong>sub</strong></span> <span class='ocrx_word' id='word_1_191' title='bbox 900 1970 1009 2011; x_wconf 86' lang='lat' dir='ltr'><strong>coelo</strong></span> <span class='ocrx_word' id='word_1_192' title='bbox 1038 1982 1047 2010; x_wconf 91' lang='lat'>:</span> <span class='ocrx_word' id='word_1_193' title='bbox 1072 1986 1088 2008; x_wconf 72' lang='grc' dir='ltr'><strong>ι»</strong></span> <span class='ocrx_word' id='word_1_194' title='bbox 1102 1976 1260 2025; x_wconf 87' lang='lat' dir='ltr'><strong>quanto</strong></span> <span class='ocrx_word' id='word_1_195' title='bbox 1282 1968 1415 2026; x_wconf 81' lang='lat' dir='ltr'><strong>magis</strong></span> <span class='ocrx_word' id='word_1_196' title='bbox 1437 1968 1517 2011; x_wconf 80' lang='lat' dir='ltr'><strong>sub</strong></span> <span class='ocrx_word' id='word_1_197' title='bbox 1541 1968 1632 2010; x_wconf 86' lang='lat' dir='ltr'><strong>Deo</strong></span> <span class='ocrx_word' id='word_1_198' title='bbox 1655 1974 1766 2011; x_wconf 74' lang='lat' dir='ltr'><strong>te&#39;m-</strong></span> 
     </span>
     <span class='ocr_line' id='line_1_25' title="bbox 389 2039 1769 2098; baseline 0.002 -18"><span class='ocrx_word' id='word_1_199' title='bbox 389 2053 490 2096; x_wconf 88' lang='lat' dir='ltr'><strong>pus,</strong></span> <span class='ocrx_word' id='word_1_200' title='bbox 515 2053 601 2080; x_wconf 91' lang='lat' dir='ltr'><strong>non</strong></span> <span class='ocrx_word' id='word_1_201' title='bbox 623 2053 749 2098; x_wconf 82' lang='lat' dir='ltr'><strong>supra</strong></span> <span class='ocrx_word' id='word_1_202' title='bbox 764 2039 901 2082; x_wconf 91' lang='lat' dir='ltr'><strong>Deum</strong></span> <span class='ocrx_word' id='word_1_203' title='bbox 916 2039 1173 2083; x_wconf 72' lang='lat' dir='ltr'><strong>PGeneratio</strong></span> <span class='ocrx_word' id='word_1_204' title='bbox 1195 2055 1247 2083; x_wconf 87' lang='lat' dir='ltr'><strong>ex</strong></span> <span class='ocrx_word' id='word_1_205' title='bbox 1262 2048 1383 2098; x_wconf 87' lang='lat' dir='ltr'><strong>patre</strong></span> <span class='ocrx_word' id='word_1_206' title='bbox 1397 2053 1484 2083; x_wconf 89' lang='lat' dir='ltr'><strong>non</strong></span> <span class='ocrx_word' id='word_1_207' title='bbox 1504 2039 1636 2083; x_wconf 78' lang='lat' dir='ltr'><strong>habet</strong></span> <span class='ocrx_word' id='word_1_208' title='bbox 1662 2047 1769 2083; x_wconf 86' lang='lat' dir='ltr'><strong>tem-</strong></span> 
     </span>
     <span class='ocr_line' id='line_1_26' title="bbox 392 2109 1766 2169; baseline 0.001 -18"><span class='ocrx_word' id='word_1_209' title='bbox 392 2124 494 2166; x_wconf 89' lang='lat' dir='ltr'><strong>pus;</strong></span> <span class='ocrx_word' id='word_1_210' title='bbox 520 2124 658 2167; x_wconf 86' lang='lat' dir='ltr'><strong>neque</strong></span> <span class='ocrx_word' id='word_1_211' title='bbox 687 2109 802 2153; x_wconf 85' lang='lat' dir='ltr'><strong>enim</strong></span> <span class='ocrx_word' id='word_1_212' title='bbox 827 2126 932 2169; x_wconf 87' lang='lat' dir='ltr'><strong>opus</strong></span> <span class='ocrx_word' id='word_1_213' title='bbox 958 2120 1054 2154; x_wconf 85' lang='lat' dir='ltr'><strong>ante</strong></span> <span class='ocrx_word' id='word_1_214' title='bbox 1076 2119 1320 2161; x_wconf 82' lang='lat' dir='ltr'><strong>auctorem,</strong></span> <span class='ocrx_word' id='word_1_215' title='bbox 1356 2112 1431 2154; x_wconf 83' lang='lat' dir='ltr'><strong>sed</strong></span> <span class='ocrx_word' id='word_1_216' title='bbox 1460 2118 1610 2154; x_wconf 82' lang='lat' dir='ltr'><strong>auctor</strong></span> <span class='ocrx_word' id='word_1_217' title='bbox 1639 2121 1766 2169; x_wconf 79' lang='lat' dir='ltr'><strong>supra</strong></span> 
     </span>
     <span class='ocr_line' id='line_1_27' title="bbox 393 2179 1766 2239; baseline 0.003 -19"><span class='ocrx_word' id='word_1_218' title='bbox 393 2179 541 2236; x_wconf 64' lang='lat' dir='ltr'><strong>operis‘</strong></span> <span class='ocrx_word' id='word_1_219' title='bbox 553 2181 787 2224; x_wconf 87' lang='lat' dir='ltr'><strong>exordium.</strong></span> <span class='ocrx_word' id='word_1_220' title='bbox 815 2182 1010 2225; x_wconf 82' lang='lat' dir='ltr'><strong>Fortasse</strong></span> <span class='ocrx_word' id='word_1_221' title='bbox 1030 2181 1234 2238; x_wconf 83' lang='lat' dir='ltr'><strong>objiciant</strong></span> <span class='ocrx_word' id='word_1_222' title='bbox 1255 2181 1352 2239; x_wconf 82' lang='lat' dir='ltr'><strong>quia</strong></span> <span class='ocrx_word' id='word_1_223' title='bbox 1381 2180 1486 2223; x_wconf 88' lang='lat' dir='ltr'><strong>dixit</strong></span> <span class='ocrx_word' id='word_1_224' title='bbox 1510 2195 1554 2223; x_wconf 68' lang='grc' dir='ltr'><strong>τι</strong></span> <span class='ocrx_word' id='word_1_225' title='bbox 1577 2181 1766 2239; x_wconf 82' lang='lat' dir='ltr'><strong>Tempus</strong></span> 
     </span>
     <span class='ocr_line' id='line_1_28' title="bbox 384 2248 1767 2314; baseline 0.002 -22"><span class='ocrx_word' id='word_1_226' title='bbox 384 2269 411 2291; x_wconf 61' lang='lat' dir='ltr'><strong>&gt;n</strong></span> <span class='ocrx_word' id='word_1_227' title='bbox 424 2254 778 2314; x_wconf 56' lang='lat' dir='ltr'><strong>meum-nondum</strong></span> <span class='ocrx_word' id='word_1_228' title='bbox 797 2252 1003 2296; x_wconf 73' lang='lat' dir='ltr'><strong>advenw.</strong></span> <span class='ocrx_word' id='word_1_229' title='bbox 1033 2270 1049 2293; x_wconf 67' lang='lat' dir='ltr'><strong><em>n</em></strong></span> <span class='ocrx_word' id='word_1_230' title='bbox 1061 2253 1116 2295; x_wconf 89' lang='lat' dir='ltr'><strong>Et</strong></span> <span class='ocrx_word' id='word_1_231' title='bbox 1137 2253 1291 2295; x_wconf 88' lang='lat' dir='ltr'><strong>iterum</strong></span> <span class='ocrx_word' id='word_1_232' title='bbox 1309 2253 1412 2295; x_wconf 86' lang='lat' dir='ltr'><strong>dixit</strong></span> <span class='ocrx_word' id='word_1_233' title='bbox 1431 2266 1442 2294; x_wconf 75' lang='lat' dir='ltr'><strong>t</strong></span> <span class='ocrx_word' id='word_1_234' title='bbox 1459 2268 1475 2292; x_wconf 70' lang='grc' dir='ltr'><strong><em>α</em></strong></span> <span class='ocrx_word' id='word_1_235' title='bbox 1493 2252 1633 2302; x_wconf 81' lang='lat' dir='ltr'><strong>Pater,</strong></span> <span class='ocrx_word' id='word_1_236' title='bbox 1651 2248 1767 2295; x_wconf 80' lang='lat' dir='ltr'><strong>venit</strong></span> 
     </span>
     <span class='ocr_line' id='line_1_29' title="bbox 395 2322 1766 2382; baseline 0.001 -17"><span class='ocrx_word' id='word_1_237' title='bbox 395 2322 570 2366; x_wconf 83' lang='lat' dir='ltr'><strong>»hora⁵.</strong></span> <span class='ocrx_word' id='word_1_238' title='bbox 599 2323 714 2367; x_wconf 77' lang='lat' dir='ltr'><strong>»Sed</strong></span> <span class='ocrx_word' id='word_1_239' title='bbox 740 2324 831 2367; x_wconf 87' lang='lat' dir='ltr'><strong>haec</strong></span> <span class='ocrx_word' id='word_1_240' title='bbox 854 2325 958 2367; x_wconf 89' lang='lat' dir='ltr'><strong>hora</strong></span> <span class='ocrx_word' id='word_1_241' title='bbox 984 2332 1048 2366; x_wconf 88' lang='lat' dir='ltr'><strong>est</strong></span> <span class='ocrx_word' id='word_1_242' title='bbox 1076 2324 1294 2382; x_wconf 85' lang='lat' dir='ltr'><strong>passionis.</strong></span> <span class='ocrx_word' id='word_1_243' title='bbox 1331 2324 1404 2366; x_wconf 88' lang='lat' dir='ltr'><strong>Est</strong></span> <span class='ocrx_word' id='word_1_244' title='bbox 1431 2324 1561 2367; x_wconf 86' lang='lat' dir='ltr'><strong>etiam</strong></span> <span class='ocrx_word' id='word_1_245' title='bbox 1597 2332 1766 2382; x_wconf 85' lang='lat' dir='ltr'><strong>tempus</strong></span> 
     </span>
     <span class='ocr_line' id='line_1_30' title="bbox 394 2394 1749 2454; baseline 0.002 -18"><span class='ocrx_word' id='word_1_246' title='bbox 394 2394 608 2452; x_wconf 82' lang='lat' dir='ltr'><strong>virginalis</strong></span> <span class='ocrx_word' id='word_1_247' title='bbox 631 2396 923 2454; x_wconf 87' lang='lat' dir='ltr'><strong>conceptionis</strong></span> <span class='ocrx_word' id='word_1_248' title='bbox 948 2410 958 2440; x_wconf 66' lang='grc' dir='ltr'><strong>ς</strong></span> <span class='ocrx_word' id='word_1_249' title='bbox 984 2414 1000 2433; x_wconf 91' lang='lat'>«</span> <span class='ocrx_word' id='word_1_250' title='bbox 1015 2395 1127 2438; x_wconf 86' lang='lat' dir='ltr'><strong>Ecce</strong></span> <span class='ocrx_word' id='word_1_251' title='bbox 1147 2396 1264 2453; x_wconf 86' lang='lat' dir='ltr'><strong>virgo</strong></span> <span class='ocrx_word' id='word_1_252' title='bbox 1286 2395 1328 2437; x_wconf 89' lang='lat' dir='ltr'><strong>in</strong></span> <span class='ocrx_word' id='word_1_253' title='bbox 1348 2403 1471 2438; x_wconf 86' lang='lat' dir='ltr'><strong>utero</strong></span> <span class='ocrx_word' id='word_1_254' title='bbox 1491 2394 1684 2454; x_wconf 78' lang='lat' dir='ltr'><strong>accipiet⁶</strong></span> <span class='ocrx_word' id='word_1_255' title='bbox 1707 2409 1749 2439; x_wconf 70' lang='lat' dir='ltr'><strong>z»</strong></span> 
     </span>
     <span class='ocr_line' id='line_1_31' title="bbox 394 2466 1760 2526; baseline 0 -18"><span class='ocrx_word' id='word_1_256' title='bbox 394 2466 493 2523; x_wconf 88' lang='lat' dir='ltr'><strong>quia</strong></span> <span class='ocrx_word' id='word_1_257' title='bbox 516 2466 632 2525; x_wconf 86' lang='lat' dir='ltr'><strong>virgo</strong></span> <span class='ocrx_word' id='word_1_258' title='bbox 655 2467 734 2509; x_wconf 90' lang='lat' dir='ltr'><strong>sub</strong></span> <span class='ocrx_word' id='word_1_259' title='bbox 754 2475 966 2525; x_wconf 84' lang='lat' dir='ltr'><strong>tempore,</strong></span> <span class='ocrx_word' id='word_1_260' title='bbox 980 2475 1024 2510; x_wconf 85' lang='lat' dir='ltr'><strong>et</strong></span> <span class='ocrx_word' id='word_1_261' title='bbox 1040 2468 1134 2510; x_wconf 89' lang='lat' dir='ltr'><strong>ideo</strong></span> <span class='ocrx_word' id='word_1_262' title='bbox 1153 2467 1397 2526; x_wconf 81' lang='lat' dir='ltr'><strong>proescripta</strong></span> <span class='ocrx_word' id='word_1_263' title='bbox 1409 2475 1532 2510; x_wconf 76' lang='lat' dir='ltr'><strong>aetate</strong></span> <span class='ocrx_word' id='word_1_264' title='bbox 1549 2466 1760 2524; x_wconf 83' lang='lat' dir='ltr'><strong>concepit.</strong></span> 
     </span>
    </p>

    <p class='ocr_par' dir='ltr' id='par_1_5' title="bbox 454 2536 1766 2597">
     <span class='ocr_line' id='line_1_32' title="bbox 454 2536 1766 2597; baseline -0.002 -16"><span class='ocrx_word' id='word_1_265' title='bbox 454 2537 608 2581; x_wconf 90' lang='lat' dir='ltr'>XVIII.</span> <span class='ocrx_word' id='word_1_266' title='bbox 645 2537 731 2590; x_wconf 88' lang='lat' dir='ltr'><strong>Qui</strong></span> <span class='ocrx_word' id='word_1_267' title='bbox 753 2546 871 2596; x_wconf 87' lang='lat' dir='ltr'><strong>rogat</strong></span> <span class='ocrx_word' id='word_1_268' title='bbox 887 2538 1054 2596; x_wconf 84' lang='lat' dir='ltr'><strong>itaque,</strong></span> <span class='ocrx_word' id='word_1_269' title='bbox 1073 2550 1242 2597; x_wconf 87' lang='lat' dir='ltr'><strong>semper</strong></span> <span class='ocrx_word' id='word_1_270' title='bbox 1259 2545 1380 2596; x_wconf 85' lang='lat' dir='ltr'><strong>roget</strong></span> <span class='ocrx_word' id='word_1_271' title='bbox 1399 2551 1411 2579; x_wconf 72' lang='lat' dir='ltr'><em>z</em></span> <span class='ocrx_word' id='word_1_272' title='bbox 1436 2544 1481 2580; x_wconf 86' lang='lat' dir='ltr'><strong>et</strong></span> <span class='ocrx_word' id='word_1_273' title='bbox 1500 2536 1535 2580; x_wconf 83' lang='lat' dir='ltr'><strong>si</strong></span> <span class='ocrx_word' id='word_1_274' title='bbox 1555 2547 1642 2580; x_wconf 89' lang='lat' dir='ltr'><strong>non</strong></span> <span class='ocrx_word' id='word_1_275' title='bbox 1660 2546 1766 2578; x_wconf 76' lang='lat' dir='ltr'><strong>sem-</strong></span> 
     </span>
    </p>
   </div>
   <div class='ocr_carea' id='block_1_3' title="bbox 396 2623 1765 2745">
    <p class='ocr_par' dir='ltr' id='par_1_6' title="bbox 396 2623 1765 2745">
     <span class='ocr_line' id='line_1_33' title="bbox 447 2623 1765 2687; baseline -0.001 -14"><span class='ocrx_word' id='word_1_276' title='bbox 447 2649 455 2663; x_wconf 84' lang='lat'>·</span> <span class='ocrx_word' id='word_1_277' title='bbox 477 2641 578 2674; x_wconf 84' lang='lat' dir='ltr'><strong>Deut.</strong></span> <span class='ocrx_word' id='word_1_278' title='bbox 607 2652 683 2680; x_wconf 84' lang='lat' dir='ltr'><strong>xxx,</strong></span> <span class='ocrx_word' id='word_1_279' title='bbox 711 2652 763 2685; x_wconf 90' lang='lat'><strong>¹9·</strong></span> <span class='ocrx_word' id='word_1_280' title='bbox 795 2659 836 2667; x_wconf 93' lang='lat'><strong>—-</strong></span> <span class='ocrx_word' id='word_1_281' title='bbox 854 2650 868 2665; x_wconf 81' lang='lat'>²</span> <span class='ocrx_word' id='word_1_282' title='bbox 896 2642 978 2675; x_wconf 87' lang='lat' dir='ltr'><strong>Psal.</strong></span> <span class='ocrx_word' id='word_1_283' title='bbox 996 2653 1110 2678; x_wconf 75' lang='lat' dir='ltr'><strong>cxvm.</strong></span> <span class='ocrx_word' id='word_1_284' title='bbox 1131 2643 1257 2687; x_wconf 78' lang='grc' dir='ltr'>ι47.-</span> <span class='ocrx_word' id='word_1_285' title='bbox 1274 2644 1290 2667; x_wconf 76' lang='lat'><em>³</em></span> <span class='ocrx_word' id='word_1_286' title='bbox 1316 2640 1421 2676; x_wconf 83' lang='lat' dir='ltr'><strong>Eccle.</strong></span> <span class='ocrx_word' id='word_1_287' title='bbox 1441 2652 1493 2681; x_wconf 78' lang='grc' dir='ltr'><strong>ιιι,</strong></span> <span class='ocrx_word' id='word_1_288' title='bbox 1521 2651 1551 2675; x_wconf 86' lang='grc' dir='ltr'><strong>ι.</strong></span> <span class='ocrx_word' id='word_1_289' title='bbox 1576 2659 1617 2668; x_wconf 91' lang='grc'><strong>-</strong></span> <span class='ocrx_word' id='word_1_290' title='bbox 1633 2641 1648 2669; x_wconf 79' lang='lat'><em>⁴</em></span> <span class='ocrx_word' id='word_1_291' title='bbox 1665 2623 1765 2673; x_wconf 81' lang='lat' dir='ltr'><strong>Joan.</strong></span> 
     </span>
     <span class='ocr_line' id='line_1_34' title="bbox 396 2695 1135 2745; baseline 0.004 -17"><span class='ocrx_word' id='word_1_292' title='bbox 396 2704 456 2733; x_wconf 82' lang='lat' dir='ltr'><strong>vu,</strong></span> <span class='ocrx_word' id='word_1_293' title='bbox 469 2695 501 2728; x_wconf 92' lang='lat'><strong>6.</strong></span> <span class='ocrx_word' id='word_1_294' title='bbox 518 2712 558 2720; x_wconf 90' lang='lat'>—</span> <span class='ocrx_word' id='word_1_295' title='bbox 576 2696 591 2720; x_wconf 73' lang='lat'><em>6</em></span> <span class='ocrx_word' id='word_1_296' title='bbox 609 2695 661 2729; x_wconf 93' lang='lat' dir='ltr'><strong>Id.</strong></span> <span class='ocrx_word' id='word_1_297' title='bbox 678 2706 760 2738; x_wconf 87' lang='lat' dir='ltr'><strong>xvn‚</strong></span> <span class='ocrx_word' id='word_1_298' title='bbox 781 2706 809 2745; x_wconf 64' lang='grc' dir='ltr'><strong>ι.Δ</strong></span> <span class='ocrx_word' id='word_1_299' title='bbox 827 2714 869 2722; x_wconf 92' lang='lat'><strong>—-</strong></span> <span class='ocrx_word' id='word_1_300' title='bbox 883 2698 989 2731; x_wconf 73' lang='lat' dir='ltr'><strong>⁶Isa&#39;1&#39;·</strong></span> <span class='ocrx_word' id='word_1_301' title='bbox 1003 2708 1063 2737; x_wconf 83' lang='lat' dir='ltr'><strong>vn,</strong></span> <span class='ocrx_word' id='word_1_302' title='bbox 1083 2697 1135 2737; x_wconf 72' lang='lat'><strong>¹4·</strong></span> 
     </span>
    </p>
   </div>
  </div>
 </body>
</html>
