1800 3236
318 265 403 312 328
868 281 900 313 s.
938 283 1130 315 Annnosu

317 367 384 404 tor
399 375 476 419 per
490 359 779 420 Evangeliu'm.
808 362 926 415 Quos
948 363 1060 423 Lege
1077 363 1253 422 adjuvit,
1272 364 1315 408 in
1331 381 1460 410 carne
1475 359 1659 428 suscepit
1669 383 1682 420 ς

318 430 416 488 quia
436 430 643 490 scriptum
665 441 729 476 est
749 447 760 475 ε
778 450 793 472 α
809 432 887 476 Hic
909 443 1085 492 peccata
1106 444 1248 479 nostra
1267 445 1433 495 portat;
1462 447 1505 483 et
1529 439 1625 483 ideo
1642 441 1685 483 in

318 521 339 545 »,
349 503 526 546 verbum
543 503 636 561 ejus
654 520 776 563 spero
794 503 824 556 ¹¹.
850 523 865 544 ›>
879 505 1051 548 Graecus
1068 514 1208 549 tamen
1229 511 1411 553 ὲπήλπισα
1427 509 1557 554 habet
1571 512 1687 569 quod

320 582 400 623 est,
422 566 439 613 ἁ
452 573 780 633 supersperavi:
801 593 817 614 n
832 575 946 633 quod
966 575 1022 618 'de
1037 591 1087 630 eo
1111 577 1268 620 dicitur
1289 578 1360 635 qui
1381 594 1551 638 semper
1573 576 1688 624 addit

320 645 374 688 ad
394 646 677 703 ‘sperandumg
702 653 744 688 et
765 659 864 688 cum
885 647 1114 703 speraverit
1136 647 1294 706 aliquid
1309 681 1320 697 ,
1344 649 1498 692 iterum
1520 658 1685 708 sperat,

321 724 364 760 et
384 731 458 775 spe
481 715 674 775 proficit,
705 717 938 760 extendens
958 732 1002 760 se
1034 733 1201 776 semper
1227 719 1280 767 ad
1305 720 1544 779 superiora,
1569 730 1612 765 et
1639 737 1688 766 ea

322 800 415 844 quae
437 785 641 845 praeteriit
656 785 921 830 obliviscens.

322 880 326 885 Δ
379 855 539 900 XXIV.
575 856 758 900 Pulchre
774 865 914 900 autem
934 857 1012 902 ait:
1031 876 1046 898 «
1067 859 1116 901 In
1132 859 1312 903 verbum
1328 869 1449 905 tuum
1467 863 1646 921 speravi,
1662 883 1678 904 ι

318 925 403 970 hoc
421 935 500 976 est,
519 942 605 970 non
629 927 671 970 in
687 919 917 986 Prophetas
935 929 1113 986 speravi,
1133 945 1219 973 non
1242 930 1284 973 in
1295 931 1451 990 Legem
1472 948 1482 975 ε
1502 934 1592 983 sed,
1607 926 1690 977 «ln

321 998 530 1041 »verbum
551 1006 674 1041 tuum
696 999 881 1057 speravi,
903 1017 918 1038 »
932 1000 1013 1044 hoc
1035 1009 1123 1051 est,
1150 1002 1193 1044 in
1216 1003 1444 1046 adventum
1467 1011 1615 1054 tuum3
1645 1013 1692 1048 ut

323 1067 465 1111 venias
484 1077 526 1112 et
542 1069 744 1129 suscipias
761 1079 1022 1128 peccatores,
1043 1072 1196 1115 delicta
1221 1074 1452 1123 condones,
1470 1088 1591 1117 ovem
1607 1075 1693 1118 las-

325 1155 414 1182 sam
439 1139 518 1183 tuis
541 1140 584 1182 in
609 1155 737 1183 cruce
758 1141 945 1185 humeris
973 1143 1112 1186 bonus
1133 1152 1279 1201 pastor
1299 1140 1504 1203 imponas.
1532 1144 1578 1188 Si
1598 1145 1691 1203 quis

327 1219 469 1268 sperat
483 1211 527 1253 in
550 1210 787 1261 Christum,
807 1228 1003 1272 separare
1025 1229 1070 1257 se
1090 1214 1218 1258 debet
1238 1230 1256 1258 a
1274 1216 1489 1259 consortio
1505 1215 1692 1276 perfido-

325 1296 437 1325 rum.

317 1384 325 1387 υ
385 1353 522 1397 XXV.
560 1354 746 1412 Ideoque
764 1355 867 1400 dicit
887 1369 929 1398 :a
949 1356 1164 1400 Discedite
1181 1373 1202 1400 a
1215 1372 1284 1400 me
1299 1359 1488 1417 maligni,
1509 1368 1552 1404 et
1571 1374 1692 1403 scru-

329 1424 481 1467 »tabor
518 1426 715 1468 mandata
747 1426 825 1468 Dei
855 1426 939 1469 mei
954 1426 985 1468 ².
1019 1446 1036 1467 ιι
1060 1427 1192 1485 Cujus
1223 1429 1418 1471 versiculi
1451 1429 1692 1473 testimonio

329 1494 592 1553 significatur
609 1497 704 1554 quia
723 1497 796 1539 nbi
817 1494 1054 1557 malignitas
1071 1508 1134 1542 est
1148 1533 1159 1550 ,
1182 1499 1240 1542 ibi
1259 1501 1451 1545 custodia
1476 1503 1694 1545 mandato-

325 1580 423 1609 rum
447 1567 685 1619 coelestium
707 1583 797 1611 esse
815 1584 901 1611 non
921 1570 1075 1628 possit3
1093 1588 1109 1610 (ι
1131 1571 1179 1612 Iu
1195 1572 1444 1615 malevolam
1469 1572 1583 1615 enim
1608 1573 1695 1616 ani-

327 1652 472 1680 »mam
505 1653 592 1681 non
621 1638 749 1680 intrat
779 1636 1029 1697 sapientia⁵.
1066 1659 1083 1681 »
1103 1641 1157 1684 Et
1187 1641 1285 1684 alibi
1308 1658 1318 1684 t
1346 1660 1363 1682 ι(
1395 1643 1599 1696 Quaerent
1625 1659 1693 1687 me

327 1725 344 1747 n
357 1707 531 1762 niali,-et
552 1723 639 1750 non
657 1708 873 1752 invenient
890 1710 920 1753 ⁶.
947 1729 963 1751 »
978 1710 1223 1769 Simplicem
1245 1721 1450 1764 mentem,
1470 1730 1625 1773 purum
1645 1730 1694 1759 ac

328 1778 578 1821 desaecatum
597 1779 784 1822 animum
800 1781 933 1839 diligit
952 1781 1160 1833 Christus,
1175 1799 1253 1826 nec
1262 1793 1401 1842 potest
1413 1786 1694 1830 immaculatae

317 1849 471 1892 ,virtuti
494 1851 631 1892 ullum
654 1865 752 1893 cum
779 1853 1004 1895 maculosis
1036 1855 1365 1899 contubernium
1396 1872 1486 1900 esse
1506 1857 1687 1915 flagitiis.

328 1919 455 1970 Odit,
479 1920 654 1978 refugit,
680 1930 928 1980 aspernatur
949 1925 1142 1983 contagia
1157 1960 1167 1976 ,
1193 1927 1265 1983 qui
1294 1927 1426 1970 dicit:
1447 1945 1463 1967 «
1489 1928 1650 1971 Discite
1673 1944 1695 1972 a

325 2008 343 2031 :o
357 2005 426 2033 me
443 1992 540 2048 quia
556 1992 668 2035 mitis
686 2008 779 2035 sum
796 1993 826 2036 ⁵.
849 2012 864 2034 n
878 1994 1079 2053 Malignos
1095 1996 1277 2054 repellit,
1295 1998 1536 2041 laborantes
1551 2007 1688 2043 vocat.

325 2059 440 2103 Dicit
471 2061 550 2104 illis
577 2061 725 2105 Jesus:
752 2081 768 2102 α
788 2063 1003 2107 Discedite
1034 2080 1056 2107 a
1078 2081 1147 2109 me
1178 2082 1326 2110 omnes
1356 2068 1427 2125 qui
1457 2069 1696 2127 operamini

324 2132 621 2189 »iniquitatem
634 2132 646 2154 ⁰
666 2150 677 2182 ;
697 2152 712 2173 n
727 2133 813 2176 istis
833 2135 914 2177 ait:
933 2153 949 2174 α
966 2135 1115 2179 Venite
1128 2137 1261 2180 adme
1275 2153 1422 2181 omnes
1444 2139 1517 2196 qui
1533 2139 1697 2182 labora-

324 2220 340 2243 »
356 2202 407 2246 tis
429 2211 471 2246 et
490 2204 652 2246 onerati
675 2204 772 2247 estis
790 2204 823 2255 ⁷,
843 2223 858 2244 n
872 2221 959 2248 non
981 2206 1128 2264 utique
1148 2208 1410 2266 malignitate
1430 2209 1602 2259 mentis,
1621 2211 1696 2253 sed

320 2272 573 2317 infirmitate
595 2275 732 2318 carnis
750 2277 936 2319 onerati:
955 2277 1141 2327 onerati,
1157 2278 1346 2335 inquam,
1367 2279 1495 2322 alieni
1514 2280 1696 2323 haeredi-

322 2352 409 2386 tate
424 2345 605 2402 peccati.
618 2345 929 2389 Laborantibus
949 2347 1181 2390 subvenio:
1200 2348 1479 2392 fraudulentis
1490 2351 1691 2408 prodesse

321 2430 408 2458 non
438 2415 595 2465 debeo,
623 2432 677 2459 ne
702 2418 895 2475 pluribus
922 2427 1119 2461 noceant.
1149 2420 1234 2462 Hos
1257 2435 1380 2477 poena
1414 2430 1658 2479 compescat
1681 2436 1690 2464 :

323 2486 415 2529 illos
442 2489 644 2531 emendet
670 2490 814 2547 gratia.
839 2489 994 2533 Malitia
1020 2491 1133 2533 enim
1159 2490 1252 2534 sons
1264 2493 1429 2551 peccati
1451 2501 1544 2536 est:
1568 2494 1693 2551 culpa

366 2599 375 2613 ¹
395 2591 475 2624 lsai.
498 2603 570 2632 mn,
596 2591 630 2631 4.
644 2610 684 2618 —-
699 2601 713 2616 ²
734 2594 815 2626 Psal.
843 2605 961 2631 cxviii,
984 2596 1057 2627 115.
1070 2614 1110 2619 —
1126 2597 1140 2619 ³
1157 2595 1233 2638 Sap.
1249 2608 1279 2636 1,
1298 2597 1329 2636 4.
1344 2615 1382 2622 -
1403 2599 1416 2625 ⁴
1432 2596 1529 2632 Prov.
1549 2608 1574 2638 1,
1590 2596 1640 2630 28.
1654 2614 1695 2620 —

322 2649 334 2671 ⁵
350 2647 469 2680 Muuh.
484 2658 532 2687 xi,
550 2658 602 2691 ²9·
632 2666 673 2673 —·
688 2650 703 2672 ⁰
719 2648 772 2684 Id.
790 2660 850 2691 vn,
875 2650 925 2683 23.
956 2668 994 2677 -
1014 2655 1024 2679 7
1043 2650 1094 2684 1-1.
1112 2661 1159 2690 xi,
1176 2652 1226 2685 ²8.
