1800 3236
317 280 403 335 344
447 275 450 279 ’
869 296 900 326 s,
941 297 1133 328 ammosa

315 372 662 436 corporeusque
697 378 749 421 ad
783 377 1044 437 Angelorum
1088 381 1452 425 conversationem
1491 381 1683 426 custodia

315 449 565 513 integritatis
596 449 777 493 evehere
796 483 807 500 ,
840 451 996 493 utilitas
1026 451 1174 510 privita
1194 485 1205 502 ,
1249 454 1339 496 laus
1374 453 1545 512 publica
1577 463 1642 498 est
1668 470 1679 498 z

313 520 444 580 Frugi
465 536 557 564 esse
579 535 627 564 ae
646 522 911 571 modestum,
929 529 972 564 et
993 522 1144 565 sobriae
1161 524 1375 581 parcitatis
1393 533 1539 568 tenere
1560 531 1682 568 men-

314 607 455 635 suram
474 592 679 650 probatur
697 608 718 634 a
736 592 951 650 pluribus,
972 594 1046 635 sed
1061 593 1140 636 sibi
1161 594 1237 636 soli
1253 594 1436 654 proficit.
1459 591 1682 638 Fortitudo

312 662 355 705 in
386 662 539 720 praeliis
561 662 742 712 eminet,
769 663 811 706 in
838 663 924 706 otio
947 662 1071 722 friget
1095 679 1105 707 z
1132 664 1255 722 cujus
1284 680 1390 723 opus
1419 665 1463 708 in
1489 670 1682 724 tempore

310 732 617 783 necessarium,
654 733 696 775 in
727 741 827 777 voto
865 734 1113 784 adversum3
1143 735 1308 778 malunt
1340 734 1454 778 enim
1487 734 1682 779 homines

310 820 398 848 non
418 820 632 864 pugnare,
657 820 785 863 quam
807 805 992 848 vincere.
1022 805 1121 848 Sola
1138 805 1299 863 justitia
1324 814 1511 865 est‘quae
1542 806 1682 851 omni-

309 877 391 920 bus
419 877 709 935 temporibus,
735 877 824 920 aliis
849 877 990 935 potius
1024 885 1121 920 nata
1146 892 1275 936 quam
1297 877 1405 927 sihi,
1436 877 1681 936 quotidiano

309 963 389 990 usu
406 982 415 996 ,
439 955 482 990 et
504 948 647 991 fructu
675 946 848 1007 publico
864 980 876 998 ‚
901 963 976 991 suo
999 949 1155 991 damno
1178 948 1333 992 alienas
1362 949 1547 992 custodit
1574 948 1683 992 utili-

309 1027 417 1062 tates
453 1036 462 1061 :
491 1034 585 1077 quae
621 1019 729 1062 nihil
759 1018 914 1062 habeat
939 1012 1152 1069 utilitatis,
1187 1028 1231 1063 et
1259 1020 1492 1079 plurimum
1526 1019 1678 1064 laudis.

307 1090 427 1133 Hanc
450 1090 577 1149 igitur
597 1090 808 1149 Propheta
830 1090 1054 1149 praetendit
1082 1090 1134 1133 ad
1157 1090 1221 1133 sui
1243 1091 1385 1134 meriti
1408 1091 1683 1134 commenda-

310 1161 493 1211 tionem,
529 1162 674 1204 dicens
700 1177 710 1204 ε
735 1179 751 1201 α
767 1162 868 1205 Feci
889 1162 1099 1219 judicium
1122 1170 1164 1204 et
1193 1161 1399 1220 justitiam
1426 1177 1437 1205 ε
1460 1177 1514 1205 ne
1542 1162 1684 1205 tradas

308 1247 407 1274 »me
423 1232 679 1275 nocentibus
701 1248 782 1276 me.
802 1233 914 1276 »Ubi
936 1233 1095 1290 justitia
1111 1265 1123 1282 ,
1151 1233 1209 1275 ibi
1230 1232 1537 1275 misericordia.
1564 1232 1685 1276 Mise-

309 1304 494 1347 ricordia
527 1319 549 1347 a
580 1313 760 1362 peccalo
794 1305 958 1347 liberat.
987 1305 1216 1357 Quomodo
1253 1320 1353 1363 ergo
1384 1304 1682 1363 peccatoribus

307 1375 482 1417 trador?
512 1374 657 1418 Simile
680 1375 784 1418 illud
805 1375 847 1419 in
873 1375 1058 1418 Canticis
1089 1391 1098 1418 :
1127 1393 1142 1414 «
1165 1375 1274 1418 Exui
1295 1374 1485 1418 tunicam
1508 1389 1677 1426 meam,

308 1462 325 1484 ιο
339 1446 561 1502 quomodo·
579 1446 754 1488 induam
777 1446 903 1488 eam?
925 1445 1026 1489 Lavi
1047 1447 1175 1504 pedes
1197 1461 1338 1495 meos,
1371 1446 1588 1503 quomodo
1616 1445 1683 1488 in-

308 1534 325 1556 »
339 1517 525 1574 quinabo
549 1516 643 1560 eos¹
662 1517 798 1560 PExui
812 1517 1000 1560 tunicam
1020 1517 1257 1576 peccatoris
1273 1551 1284 1567 ,
1309 1518 1583 1575 velamenque
1602 1525 1683 1560 ter-

307 1588 400 1631 reni
426 1604 436 1632 :
463 1603 539 1630 cur
560 1588 679 1646 quasi
701 1596 903 1646 peccator
925 1596 1052 1646 atque
1079 1597 1274 1632 terrenus
1298 1587 1549 1646 adjudicor?
1578 1586 1682 1632 Lavi

307 1662 438 1720 pedes
458 1675 576 1703 meos
590 1693 601 1710 ,
625 1675 679 1703 ne
700 1675 783 1717 qua
802 1660 944 1703 delicti
962 1675 1051 1702 sors
1073 1668 1215 1719 posset
1242 1660 1457 1704 adhaerere
1478 1658 1678 1718 vestigio:

306 1746 383 1775 cur
404 1733 476 1774 das
501 1731 544 1773 in
565 1746 634 1773 me
659 1730 1003 1788 delinquentibus
1026 1731 1309 1789 potestatem?

365 1800 460 1845 XV.
498 1801 700 1859 Sequitur
725 1817 734 1843 :
760 1819 776 1841 (ι
797 1801 973 1860 Suscipe
1002 1817 1169 1844 servum
1195 1810 1318 1844 tuum
1348 1801 1390 1843 in
1418 1801 1532 1844 hono
1557 1816 1567 1844 ε
1592 1815 1678 1844 non

306 1891 324 1914 »
338 1871 652 1916 calumnientur
662 1887 731 1915 me
744 1872 954 1931 superbi².
977 1891 993 1912 »
1008 1872 1138 1925 Quasi
1158 1871 1540 1930 judiciietjustitiae
1557 1886 1679 1915 cons-

305 1942 418 1992 cius,
445 1942 694 1994 auctoritate
723 1943 971 2001 prophetica
997 1943 1293 2001 progreditur;
1318 1951 1364 1985 ut
1391 1957 1559 2001 servum
1587 1942 1676 1985 Do-

303 2012 409 2055 mini
433 2029 476 2055 se
499 2013 641 2056 dicere
660 2028 747 2056 non
772 2014 1018 2057 reformidet
1044 2029 1054 2056 :
1074 2030 1217 2070 servus
1243 2014 1357 2057 enim
1377 2013 1548 2058 Domini
1570 2013 1676 2057 nihil

305 2084 432 2127 dehet
469 2084 626 2127 alionis.
671 2085 860 2127 Pretiosa
898 2085 989 2128 haec
1020 2093 1083 2128 est
1113 2085 1313 2135 servitus,
1345 2100 1438 2142 quae
1469 2084 1675 2127 virtutum

304 2162 470 2197 constat
491 2155 696 2213 expensis.
721 2155 807 2197 Cur
833 2163 974 2198 autem
996 2155 1117 2198 timet
1140 2154 1392 2198 nocentibus
1414 2154 1544 2204 tradi,
1580 2169 1673 2213 npe—

302 2225 358 2268 rit
374 2225 617 2274 evidentem
643 2224 740 2282 quia
766 2225 1093 2268 calumniatores
1116 2234 1239 2275 sunt,
1265 2225 1336 2283 qui
1364 2224 1532 2267 oderint
1562 2224 1674 2268 veri-

301 2304 432 2339 tatem
454 2310 462 2338 :
484 2296 735 2355 impugnent
756 2296 1067 2346 innocentiam,
1088 2296 1186 2354 quia
1204 2296 1373 2355 superbi
1392 2303 1502 2339 sunt.
1526 2295 1672 2349 Qualis

301 2366 414 2409 enim
436 2368 660 2409 adversum
679 2368 867 2410 servulos
889 2366 966 2410 Dei
988 2374 1127 2425 potest
1149 2367 1356 2426 superbus
1374 2382 1463 2410 esse
1478 2400 1489 2417 ‚
1514 2367 1585 2425 qui
1602 2365 1673 2410 ad-

297 2451 442 2479 versus
464 2437 603 2480 Deum
626 2453 670 2480 se
691 2439 870 2487 exaltat,
896 2445 937 2480 et
960 2438 1062 2480 dicit
1087 2453 1130 2480 :a
1153 2438 1198 2480 In
1228 2439 1383 2481 coelum
1405 2438 1631 2481 ascendam
1656 2453 1667 2481 ε

296 2525 312 2547 n
327 2522 453 2564 super
469 2508 604 2550 sidera
629 2508 724 2551 coeli
746 2523 901 2566 ponam
922 2509 1066 2551 sedem
1085 2521 1229 2552 meam
1249 2524 1259 2551 τ
1279 2509 1436 2551 sedebo
1460 2509 1503 2551 in
1525 2517 1670 2552 monte

295 2595 311 2617 n
324 2578 505 2628 excelso,
522 2594 648 2637 super
666 2587 832 2622 montes
856 2580 960 2623 altos
975 2578 1048 2638 qui
1065 2565 1163 2624 sunt
1182 2580 1234 2624 ab
1253 2579 1464 2639 Aquilone
1484 2595 1494 2623 :
1515 2594 1668 2623 ascen—

339 2678 350 2694 ¹
367 2670 463 2704 Cant.
482 2681 513 2710 v,
528 2672 561 2713 5,
578 2671 610 2711 4.
624 2691 664 2698 --
681 2682 694 2699 ι
714 2672 797 2708 Psal.
817 2682 935 2711 cnm,
956 2682 1026 2706 ιη.
