1800 3236
0 2656 37 2706 't'

448 312 451 314 ¹
483 306 701 336 introsum
730 307 773 336 ιιι
805 307 993 336 rumim
1027 308 1171 336 cxvuz.
1420 294 1503 338 165

131 366 238 447 g'itot
255 387 355 446 quia
367 400 455 431 non
474 394 541 430 est
562 385 794 445 discipulus
810 401 939 446 super
958 386 1228 445 magistrum,
1249 401 1389 444 neque
1412 390 1503 430 ser‘-

132 473 211 502 vus
241 471 368 516 supra
395 456 632 520 dominum.
676 457 722 501 Si
746 472 874 516 supra
899 457 978 501 Dei
1000 457 1158 501 Filium
1179 457 1407 516 opprobria
1436 472 1506 500 ex·

131 527 428 589 probrantium
449 527 634 572 nefanda
651 528 937 588 ⁴ceciderunt,
965 528 1329 586 quemadmodum
1361 543 1506 572 servus

131 607 323 643 exortem
337 613 487 643 eorum
507 613 677 657 sperare
692 614 739 642 se
757 597 943 657 poterit?
963 599 1150 656 Ideoque
1170 606 1361 641 mentem
1375 612 1503 640 suam

132 683 370 728 praeparare
392 669 546 718 doben
570 677 619 713 ut
638 669 846 714 cumista
868 669 1129 721 acciderint,
1151 669 1327 712 turbare
1352 683 1397 712 se
1418 684 1506 712 non

131 747 302 798 queant,
334 739 547 798 Praeparat
578 739 770 783 animum
794 748 839 783 et
864 739 1142 783 meditatione
1172 747 1424 798 componat,
1459 747 1507 782 ut

103 810 106 812 ’
131 811 266 870 possit
278 811 447 860 dicere,
468 811 502 854 si
519 819 660 854 tamen
676 811 811 869 possit
829 826 840 853 :
855 829 873 851 ι
889 811 999 864 Quis
1017 826 1095 854 nos
1121 810 1338 870 separabit
1357 826 1382 853 a
1401 810 1506 854 eha-

133 881 289 925 »ritate
309 881 499 925 Christi?
517 881 785 926 Tribulatioi'
807 897 860 925 an
885 882 1104 942 angustia?
1130 897 1183 924 an
1203 881 1365 924 sames?
1383 889 1498 925 »etc-
1563 885 1575 890 ”

138 951 283 1004 Quare
299 959 441 994 autem
459 966 546 994 non
569 954 804 1010 separetur,
827 951 983 1009 adjecit
999 967 1010 994 ε
1028 969 1046 991 ι
1061 952 1147 995 Sed
1167 951 1211 993 in
1227 951 1294 994 his
1306 947 1505 993 omnibus

135 1032 415 1079 »superamus
429 1053 442 1071 ,
464 1021 628 1079 inquit,
653 1030 697 1064 et
718 1021 926 1066 vincimus
946 1030 1131 1080 propter,
1144 1036 1250 1071 eum
1262 1020 1339 1078 qui
1359 1019 1507 1063 dilexit

134 1106 258 1136 nuos.
278 1109 308 1132 -ι
335 1092 572 1151 Meritoque
599 1091 876 1136 confirmatus
898 1093 955 1136 ait
975 1108 985 1135 :
1009 1111 1027 1132 ι
1052 1091 1234 1135 Confido
1262 1091 1378 1134 enim
1406 1091 1506 1149 quia

134 1179 154 1202 ι
167 1174 466 1219 nequemors,
481 1177 622 1220 neque
641 1163 747 1212 vita,
763 1160 904 1220 nequ'e
923 1162 1126 1221 Angeli...
1153 1176 1295 1218 neque
1314 1161 1507 1204 Potesta-

136 1239 229 1276 »tes
243 1246 420 1290 ,neque
445 1233 691 1290 pmsenfia,
715 1248 855 1291 neque
879 1233 1074 1276 sutura...
1109 1246 1305 1291 separare
1328 1247 1407 1274 nos
1426 1246 1507 1289 po-

135 1320 155 1343 »
168 1309 313 1346 terunt
333 1317 357 1345 a
378 1296 590 1346 charitate
602 1303 706 1353 Dei,
731 1318 826 1361 quae
845 1312 911 1346 est
932 1303 976 1347 in
1000 1302 1169 1346 Christo
1183 1301 1288 1345 Jesu
1304 1301 1334 1344 ¹.
1357 1320 1374 1342 »

144 1402 149 1404 -
193 1372 418 1417 XXXVII.
445 1374 575 1418 Multa
596 1374 825 1432 Apostolus
851 1374 979 1424 dixit,
1003 1383 1152 1417 contra
1174 1388 1268 1431 quae
1290 1376 1407 1417 lucta
1428 1387 1505 1416 no-

134 1442 202 1492 bis
215 1450 279 1486 est
298 1458 310 1486 τ
327 1442 403 1487 sed
424 1443 504 1487 alia
520 1440 656 1487 facilia
671 1437 771 1488 sunt
784 1478 797 1496 ,
820 1447 887 1488 vel
904 1436 1021 1488 certe
1041 1460 1129 1487 non
1146 1444 1276 1502 hujus
1299 1443 1504 1501 temporis

125 1521 212 1562 ,aut
230 1506 343 1563 loci3
365 1521 415 1557 ut
431 1513 645 1572 discutere
660 1515 806 1558 omnia
825 1514 1074 1565 debeamus,
1095 1530 1190 1572 quae
1210 1515 1297 1559 sint
1314 1528 1411 1572 quae
1426 1530 1506 1557 nos

127 1598 335 1643 ,separare
353 1584 516 1642 possint
537 1599 561 1627 a
587 1584 796 1635 charitate
822 1585 927 1634 Dei,
950 1585 1030 1627 nisi
1063 1585 1306 1643 diligentius
1333 1584 1506 1627 resista-

137 1669 247 1698 mus.
268 1654 381 1707 Illud
400 1669 516 1698 nunc
533 1656 650 1712 quod
668 1644 839 1698 videtur
854 1654 1095 1704 obscurius,
1113 1670 1199 1697 non
1214 1654 1507 1713 praetermitti-

137 1738 249 1780 mus,
264 1725 363 1782 quia
374 1725 441 1776 *ait
466 1741 477 1768 z
503 1743 519 1765 α
534 1725 683 1783 Neque
697 1725 892 1775 altitudo,
913 1741 1053 1783 neque
1066 1725 1327 1784 profundum
1348 1741 1360 1768 ε
1379 1745 1396 1766 ι
1408 1741 1504 1783 quae

139 1803 239 1839 sunt
258 1794 398 1854 gravia
420 1803 695 1856 tentamenta,
719 1795 915 1853 Denique
939 1796 1072 1839 habes
1093 1796 1136 1838 in
1158 1796 1279 1839 EsaIa
1297 1796 1506 1855 scriptum

139 1868 195 1910 ad
214 1881 359 1925 regem
373 1865 519 1910 Achaz
544 1881 555 1908 t
589 1882 607 1906 α
618 1866 720 1910 Pete
734 1861 1003 1924 tibi'signum
1024 1882 1047 1908 a
1062 1866 1248 1910 Domino
1264 1867 1309 1910 in
1324 1866 1504 1924 prosun-

137 1937 401 1989 »dum,‚.aut
422 1935 466 1979 in
487 1936 634 1978 altum.
665 1935 901 1994 Respondit
920 1935 991 1979 ille
1015 1951 1026 1978 :
1051 1936 1146 1980 Non
1162 1944 1304 1994 petam
1329 1968 1342 1986 ,
1364 1951 1504 1993 neque

136 2024 154 2047 ι
167 2006 341 2059 tentabo
358 2004 591 2049 Dominum
606 2003 640 2048 ².
662 2023 678 2044 ι
711 2004 936 2062 Mysticum
957 2005 1020 2049 illi
1039 2006 1303 2064 propositum
1324 2014 1403 2056 est,
1428 2007 1505 2050 sed

136 2090 225 2118 non
241 2075 447 2132 intellexit
464 2091 474 2118 :
496 2083 542 2118 et
559 2074 719 2130 veritus
739 2084 803 2118 est
821 2090 877 2118 ne
904 2083 1069 2119 tentare
1088 2076 1322 2120 Dominum
1343 2076 1502 2119 videre-

122 2155 226 2197 tur,
251 2146 287 2189 si
307 2146 475 2216 signum
490 2153 654 2203 peteret
672 2145 716 2188 in
736 2146 886 2196 altum,
906 2154 979 2189 aut
998 2146 1040 2189 in
1061 2146 1333 2205 profundum.
1358 2146 1503 2189 Domi-

138 2231 219 2260 nus
239 2216 551 2272 autem.volens
571 2216 712 2274 gravia
734 2224 996 2259 tentamenta
1017 2216 1207 2275 remedio
1230 2216 1503 2275 supplantare

139 2273 283 2329 divino
310 2286 369 2330 ait
394 2301 405 2328 ε
445 2302 460 2324 t
477 2285 591 2329 Ecce
615 2284 745 2346 Virgo
767 2286 981 2345 concipiet
1006 2286 1051 2328 in
1075 2285 1244 2329 utero³.
1271 2305 1287 2326 ι
1318 2287 1411 2330 Hoc
1438 2295 1504 2329 est

137 2370 341 2413 magnum
355 2355 539 2414 signum,
562 2358 677 2415 quod
698 2357 946 2407 altitudinis,
964 2365 1007 2400 ct
1023 2357 1223 2416 profundi
1241 2363 1503 2400 tentamenta

140 2425 359 2484 destruxit.
397 2426 604 2471 Dominus
633 2428 750 2471 enim
776 2427 900 2471 Jesus
935 2443 1022 2471 non
1049 2428 1242 2487 rapinam
1275 2426 1502 2469 arbitratus

140 2506 204 2544 est
223 2512 315 2540 esse
330 2512 375 2540 se
398 2499 603 2556 aequalem
619 2499 710 2543 Deo
721 2516 736 2549 3
758 2515 896 2557 neque
918 2514 1012 2557 quae
1033 2515 1109 2542 sua
1129 2506 1246 2548 sunt,
1265 2496 1500 2554 requisivit,

141 2569 215 2620 sed
228 2567 409 2612 sormam
429 2569 535 2614 servi
557 2570 722 2631 accepit
736 2603 749 2621 ,
767 2570 1006 2616 humiliavit
1021 2586 1065 2614 se
1081 2585 1215 2628 usquc
1232 2568 1284 2614 ad
1299 2576 1497 2625 mortem.

184 2677 194 2684 ·
217 2660 312 2696 Rom.
326 2671 406 2699 vui,
423 2661 539 2714 3555·-
555 2679 597 2695 -v
615 2671 628 2687 ²
646 2662 722 2698 lsai.
737 2673 795 2714 ⁸:²¹¹
819 2674 868 2702 ιι,
890 2673 941 2704 ¹2.-
959 2680 1000 2694 -ι-
1016 2660 1135 2701 ³1bid.
1155 2661 1204 2705 14.
