1800 3236
336 279 420 354 {76
844 347 847 350 ῃ
883 304 914 332 S.
955 301 1146 333 Amnnosn

333 389 422 433 dies
445 387 623 437 habere,
647 385 729 429 hoc
754 393 891 429 totum
914 386 999 429 sola
1018 385 1096 428 sibi
1120 384 1163 427 in
1182 381 1295 441 Lege
1314 377 1535 425 meditatio
1558 376 1697 424 vindi-‘-

335 460 472 503 cahat.
1659 461 1662 465 ’

392 529 505 574 VIII.
545 527 629 572 Sed
653 528 779 571 etiam
813 528 896 570 hoc
927 542 1077 586 parum
1110 534 1174 570 est
1197 524 1408 585 diligenti,
1434 524 1505 582 qui
1526 521 1627 566 velit
1648 521 1700 591 ad

331 599 605 646 beatitudinis
632 599 807 659 gratiam
830 598 1062 657 pervenire.
1095 598 1251 641 Beatus
1273 595 1387 639 enim
1411 594 1478 637 die
1500 609 1549 637 ac
1576 599 1714 636 nocte·

333 670 563 715 meditatur
576 669 616 711 in
630 669 754 727 Lege.
771 668 1000 727 Angustior
1012 668 1100 711 dies
1118 675 1181 710 est
1192 665 1466 710 meditatione
1482 663 1697 708 doctrinae.

335 743 429 788 Non
450 750 592 784 tantus
617 741 704 783 dies
729 740 772 783 in
801 749 1018 799 tempore,
1045 748 1227 796 quantus
1253 738 1482 781 meditator
1505 737 1548 779 in
1576 735 1700 794 Lege.

336 816 459 858 Unde
483 813 579 856 vide
599 828 653 855 ne
674 812 779 855 illud
800 813 932 870 magis
954 812 1148 855 videatur
1169 809 1421 869 significare,
1443 809 1558 866 quod
1579 807 1618 850 ei
1635 805 1707 865 qui

337 885 381 928 in
398 885 510 942 Lege
526 875 775 933 meditatur,
791 891 959 941 semper
982 882 1070 925 dies
1088 889 1167 930 est,
1191 889 1234 923 et
1253 882 1398 923 lumen
1415 876 1707 930 sinevdesectu',
1780 911 1783 914 ,

336 956 453 1015 quod
474 956 600 997 nullae
623 955 809 997 tenebras
826 954 961 996 noctis
979 954 1247 1011 interpolent.
1276 951 1476 1010 Alioquin
1492 949 1709 1008 quomodo

333 1026 681 1084 negligentiorem
714 1025 757 1067 in
796 1039 998 1082 processu
1022 1023 1160 1081 operis
1191 1023 1452 1072 declararet,
1491 1035 1620 1080 quem
1651 1019 1713 1065 di-

336 1097 604 1156 ligentiorem
635 1097 678 1138 in
715 1096 813 1154 ipsis
856 1095 993 1154 operis
1030 1094 1094 1137 sui
1128 1093 1340 1152 Propheta
1369 1092 1587 1153 principiis
1622 1106 1714 1135 esse

341 1166 575 1210 voluisset?
597 1167 646 1208 In
675 1166 742 1208 die
763 1181 862 1223 ergo
887 1174 976 1208 esto
999 1158 1228 1208 meditator
1251 1163 1396 1223 Legis,
1421 1171 1465 1208 et
1499 1161 1716 1222 Evangelii

346 1237 610 1295 praedicator.
1693 1276 1696 1279 .
1710 1238 1713 1241 ’

405 1306 480 1349 ΙΧ.
511 1306 564 1348 Et
580 1304 757 1347 fortasse
774 1304 835 1346 illi
861 1305 946 1361 (40)
971 1305 1042 1362 qui
1059 1305 1225 1348 Novum
1245 1321 1328 1349 non
1348 1305 1558 1366 recipiunt
1576 1305 1718 1350 Testa-

346 1383 565 1424 mentum,
601 1375 643 1416 in
671 1367 808 1417 nocte
828 1376 1044 1433 legerunt,
1081 1384 1123 1418 et
1152 1375 1247 1418 ideo
1279 1377 1547 1426 nescierunt,
1580 1390 1719 1435 neque

289 1426 294 1434 Ι
348 1448 665 1489 intellexerunt.
693 1447 814 1487 Unde
841 1446 1048 1495 Salvator,
1076 1441 1131 1489 ne
1151 1448 1279 1490 etiam
1309 1463 1385 1490 nos
1414 1449 1655 1506 legeremus,
1677 1448 1721 1506 in

348 1515 560 1562 tenebris,
594 1515 796 1555 admonet
824 1515 969 1556 dicens
995 1516 1301 1560 ambulandum
1323 1517 1366 1559 in
1396 1518 1487 1568 die,
1513 1519 1610 1576 quia
1635 1535 1722 1564 non

350 1582 529 1624 offendit
557 1578 628 1639 qui
656 1581 699 1624 in
729 1583 796 1626 die
829 1584 1047 1628 ambulat¹
1070 1603 1082 1635 ;
1108 1587 1222 1629 videt
1251 1587 1366 1631 enim
1395 1590 1572 1647 gratiam
1595 1591 1722 1635 lucis}

351 1652 438 1705 Qui
465 1661 608 1696 autem
635 1653 825 1697 ambulat
851 1654 894 1697 in
916 1656 1126 1708 tenebris,
1151 1660 1376 1717 scopulum
1397 1659 1642 1706 offensionis
1663 1662 1725 1706 in-

354 1724 503 1777 currit.

421 1795 479 1839 X.
516 1795 719 1852 Sequitur
745 1811 755 1838 :
789 1813 804 1835 α
831 1796 968 1856 Super
1000 1814 1147 1843 omnes
1179 1801 1378 1846 docentes
1408 1816 1478 1846 me
1504 1798 1721 1855 intellexi}

355 1885 373 1908 n
386 1866 483 1922 quia
500 1867 740 1909 testimonia
757 1876 828 1910 tua
845 1869 1064 1913 meditatio
1081 1887 1177 1915 mea
1198 1882 1261 1916 est
1277 1873 1309 1918 ².
1334 1893 1349 1915 n
1361 1875 1610 1919 Doctrinam
1631 1892 1727 1936 pro—

358 1934 536 1978 fitentur
559 1937 707 1979 scribae
727 1937 975 1982 Judaeorum
997 1974 1008 1990 ‚
1034 1942 1130 1998 quia
1150 1942 1306 2001 Legem
1326 1953 1369 1987 et
1392 1945 1624 2004 Prophetas
1645 1946 1747 2006 ipsi‘

358 2005 520 2062 priores
543 2006 700 2049 habere
721 2019 981 2053 meruerunt.
998 2012 1095 2062 'Sed
1116 2013 1174 2055 illi
1191 2013 1448 2072 profitentur
1470 2017 1639 2068 docere,
1653 2018 1728 2075 sed

358 2091 445 2118 non
473 2077 639 2120 docent.
675 2079 723 2121 Ei
756 2089 897 2123 autem
925 2085 1084 2141 populo
1119 2083 1191 2141 qui
1217 2101 1267 2127 ex
1293 2086 1488 2144 gentibus
1514 2086 1695 2131 credidit
1713 2120 1725 2138 ‚

362 2149 567 2205 competit
593 2149 735 2192 dicere
756 2166 766 2192 :
793 2169 808 2190 α
831 2151 968 2210 Super
985 2169 1131 2197 omnes
1153 2157 1353 2200 docentes
1374 2172 1442 2200 me
1464 2157 1650 2201 intellexi
1668 2175 1680 2207 ;
1699 2177 1716 2199 1·

363 2219 460 2276 quia
482 2219 541 2262 illi
570 2235 656 2263 non
678 2220 987 2267 intellexerunt.
1013 2226 1257 2285 Respondet
1276 2227 1450 2272 Judaeus
1470 2244 1480 2271 :
1508 2230 1627 2273 Unde
1650 2229 1729 2273 hass

361 2290 490 2333 huisti
507 2291 771 2351 intelligere?
794 2294 1009 2353 Scriptum
1027 2305 1090 2339 est
1109 2313 1119 2339 :
1136 2315 1152 2337 α
1170 2299 1386 2358 Interroga
1406 2308 1570 2357 patrem
1586 2308 1726 2351 tuum,

362 2379 379 2402 a
393 2370 435 2405 et
456 2360 724 2407 annuntiabit
749 2365 824 2408 tibi
845 2382 854 2408 :
883 2367 1090 2418 seniores,
1115 2376 1157 2410 et
1179 2369 1320 2412 dicent
1343 2369 1419 2413 tibi
1439 2370 1470 2414 ³.
1493 2389 1509 2412 n
1523 2365 1614 2431 Ego
1635 2387 1729 2415 sum

361 2439 483 2489 pater
502 2441 616 2483 tuus,
636 2449 705 2477 me
722 2435 948 2495 interroga.
968 2455 983 2476 α
1000 2437 1084 2480 Sed
1101 2439 1178 2480 etsi
1196 2439 1524 2498 interrogaver0‚
1543 2456 1629 2486 non
1646 2457 1730 2497 res—

359 2520 376 2542 »
388 2503 629 2560 pondebitis
651 2505 755 2548 mihi
774 2505 807 2555 ²⁸,
828 2525 843 2546 »
858 2507 960 2549 dixit
974 2507 1096 2551 Jesus
1117 2523 1126 2550 ε
1146 2517 1189 2552 et
1210 2525 1261 2552 ex
1277 2511 1347 2553 illo
1369 2514 1626 2571 respondere
1638 2527 1724 2557 non
1782 2560 1790 2567 ,

400 2612 410 2627 ¹
430 2605 527 2638 Joan.
545 2617 590 2647 xt,
613 2618 645 2651 9,
669 2618 717 2642 10.
734 2626 773 2633 -
793 2619 805 2634 ³
827 2609 910 2643 Psal.
931 2620 1043 2650 cxviii,
1062 2622 1117 2655 99.
1136 2631 1177 2638 --
1193 2613 1207 2638 3
1227 2614 1323 2649 Dent.
1347 2626 1435 2648 xxxii
1453 2641 1461 2655 ,
1487 2627 1519 2660 7.
1539 2633 1581 2642 --
1602 2618 1616 2647 4
1642 2617 1722 2652 Luc.

355 2666 423 2690 xxn
441 2679 450 2696 ‚
480 2659 536 2692 68.
1497 2672 1504 2677 ”
