1800 3236
339 259 428 316 '198
719 298 721 300 .
879 292 881 295 v
899 271 931 302 s.
970 272 1163 302 Amnnosn

337 362 388 397 ut
408 367 515 412 opus
543 350 734 395 Dei‘esse
764 365 807 393 se
830 350 1014 400 dicerem
1036 367 1119 409 quo
1147 349 1310 394 facilius
1339 351 1453 404 eirca
1476 352 1615 410 operis
1642 351 1708 397 sui

339 424 658 487 gratiamfavor
680 423 957 466 inclinaretur
985 422 1181 466 auctoris.
1210 422 1390 466 Grandis
1416 423 1530 468 enim
1555 440 1709 482 praero-

339 495 477 555 gativa
504 503 567 538 est
588 494 715 538 etiam
738 493 781 535 in
802 493 929 536 rebus
954 493 1153 536 humanis
1167 510 1179 543 ς
1203 502 1251 536 ut
1273 493 1421 551 aliquis
1448 494 1648 552 operibus
1667 504 1713 539 et

337 564 558 611 benefieiis
590 565 726 608 faveat
748 563 857 614 suis,
884 579 962 607 nec
990 565 1192 608 meritum
1215 573 1378 623 spectet
1400 565 1613 615 alienum:
1637 567 1713 610 sed

340 637 384 680 in
403 652 487 680 suae
508 637 650 695 gratiae
672 651 826 678 munus
843 635 1060 686 intendat3
1083 652 1137 679 ne
1154 636 1347 679 videatur
1374 636 1579 695 abrogare
1599 637 1714 693 quod

342 708 433 768 ipse
454 707 637 750 donavit.
666 707 813 763 Itaque
835 706 913 749 etsi
932 708 1090 749 deluto
1112 706 1304 765 eorporis
1325 706 1459 749 nostri
1480 706 1716 750 substantia

342 777 412 828 sit,
433 786 476 820 et
493 793 619 820 carne
641 777 883 838 indluamur,
909 786 950 819 et
972 792 1126 835 corpus
1148 777 1310 820 ossibus
1331 777 1543 821 intexatur
1558 786 1602 821 et
1617 793 1715 826 ner·-

343 851 430 900 vis;
456 859 597 893 tamen
623 850 738 907 quod
774 849 904 892 simus
937 848 1290 906 pretiosissimum
1323 864 1430 908 opu-s
1454 849 1717 900 Dei‚2nemo

345 922 615 966 dubitaverit.
648 921 756 964 Nam
783 930 826 964 et
859 921 1064 964 fabricam
1094 921 1231 979 ipsam
1267 921 1442 967 humani
1472 921 1662 979 corporis
1683 921 1717 967 si

346 993 438 1051 quis
467 989 735 1037 considerare
756 992 880 1042 velit,
906 992 1011 1037 nihil
1034 992 1190 1051 poterit
1212 992 1255 1034 in
1276 1001 1389 1035 terra
1408 992 1631 1050 pretiosius
1653 992 1718 1051 ju-

348 1064 502 1107 dicare.
525 1064 599 1107 Est
615 1064 727 1106 enim
745 1063 875 1106 homo
892 1072 1003 1106 statu
1021 1064 1175 1113 celsus,
1193 1064 1314 1107 vultu
1331 1064 1530 1117 decorus,
1549 1062 1719 1110 caesarie

347 1143 491 1194 gratus
509 1167 521 1186 ,
545 1125 631 1177 non
653 1134 696 1176 in
719 1136 858 1177 alvum
884 1143 1137 1177 caeterorum
1158 1149 1277 1177 more
1304 1142 1504 1177 curvatus
1520 1133 1720 1180 animan-

346 1206 471 1256 tium,
492 1207 566 1248 sed
586 1206 676 1263 ipso
700 1214 860 1248 naturae
881 1204 977 1262 jure
999 1205 1190 1248 sublimis
1210 1237 1222 1254 ,
1246 1205 1319 1262 qui
1340 1204 1383 1247 in
1406 1205 1563 1247 coelum
1583 1203 1721 1249 libero

349 1283 514 1334 spectet
541 1276 695 1319 obtutu
709 1309 721 1326 ‚
745 1277 859 1318 nulla
878 1275 1053 1333 captivae
1075 1276 1277 1318 servitute
1299 1275 1475 1323 cervicis
1499 1276 1722 1334 depressus

349 1347 395 1389 in
418 1355 592 1396 terram,
616 1348 691 1389 sed
711 1355 912 1404 tanquam
929 1346 1124 1405 propriae
1133 1346 1330 1389 conscius
1353 1345 1575 1396 libertatis,
1591 1353 1643 1389 -εῑ
1657 1346 1724 1390 lo-

354 1420 500 1477 cuples
517 1419 581 1462 sui
603 1418 720 1462 testis
739 1419 939 1462 auctoris.

413 1490 506 1533 VH.
543 1489 884 1534 Verumtamen'
874 1504 917 1532 m
940 1489 1102 1533 caeteris
1124 1488 1410 1532 animanlibus
1429 1456 1725 1533 membrorum

354 1561 489 1603 forma
518 1561 740 1611 laudetur,
774 1560 818 1602 in
849 1559 1003 1618 quibus
1026 1567 1179 1618 praeter
1205 1559 1383 1618 gratiam
1412 1559 1601 1618 corporis
1619 1555 1728 1617 nihil

357 1639 420 1673 est
438 1630 549 1673 aliud
571 1632 684 1688 quod
711 1631 963 1688 requiratur.
987 1631 1126 1673 Homo
1145 1631 1186 1672 in
1211 1646 1261 1673 eo
1277 1639 1342 1674 est
1366 1631 1728 1689 pulchriorquod

357 1717 443 1749 non
471 1701 664 1751 videtur,
689 1716 776 1743 non
802 1700 845 1743 in
867 1716 1046 1760 corpore
1072 1703 1190 1759 quod
1212 1701 1380 1744 videtur
1399 1717 1410 1744 ε
1437 1701 1482 1744 in
1501 1717 1546 1745 se
1566 1701 1728 1760 habens

359 1772 605 1816 aeternitatis
645 1772 824 1830 gratiam
844 1805 856 1822 ‚
894 1781 937 1815 et
966 1773 1237 1831 praesentium
1269 1780 1547 1824 venustatem.
1574 1790 1592 1812 α
1623 1773 1729 1825 Quae

359 1862 376 1884 »
391 1844 504 1887 enim
526 1843 745 1893 videntur,
770 1844 1020 1902 temporalia
1044 1853 1166 1892 sunt3
1192 1859 1291 1886 nam
1311 1859 1403 1902 quae
1425 1858 1512 1887 non
1535 1843 1730 1893 videntur

359 1914 594 1959 »mterna¹.
615 1934 632 1956 »
659 1916 707 1957 In
731 1913 812 1958 hoc
834 1915 1022 1957 terrestri
1046 1914 1228 1973 hospitio
1262 1915 1438 1958 indutus
1468 1913 1732 1971 habitatione

362 1987 540 2036 coelesti,
555 1987 624 2029 cui
640 1986 767 2030 simul
783 1987 988 2045 competit
1003 1995 1047 2030 et
1063 1987 1105 2030 in
1124 1987 1246 2030 terris
1261 1987 1410 2036 videri,
1427 1994 1470 2029 et
1489 1980 1579 2030 Deo
1593 1985 1728 2044 jungi.

361 2058 564 2118 Magnum
589 2073 690 2102 sane
721 2073 904 2108 munim,
937 2058 971 2100 si
1001 2074 1044 2100 se
1066 2058 1155 2116 ipse
1182 2066 1435 2117 cognoscat;
1462 2066 1504 2100 et
1536 2058 1733 2116 quaedam
1771 2115 1774 2117 Α

362 2130 498 2173 forma
529 2117 701 2187 jnstitiae
723 2161 734 2179 ‚
761 2129 923 2171 mundo
954 2129 1087 2187 magis
1118 2144 1243 2186 quam
1273 2130 1352 2172 sibi
1382 2128 1513 2173 nasci.
1540 2129 1661 2174 Unde
1691 2137 1734 2172 et

365 2200 571 2243 Salomon
593 2200 649 2243 ait
669 2214 679 2243 ε
701 2217 717 2239 «
743 2199 914 2242 Grande
935 2199 1065 2242 homo
1081 2232 1092 2249 ‚
1117 2209 1160 2242 et
1180 2192 1412 2258 pretiosum
1436 2216 1543 2259 opus
1566 2200 1630 2244 vir
1649 2199 1735 2243 mi-

365 2290 381 2312 »
396 2271 574 2314 sericors
596 2286 605 2313 :
637 2267 775 2313 virum
798 2278 940 2313 autem
965 2269 1136 2312 fidelem
1160 2285 1266 2328 opus
1292 2279 1354 2313 est
1375 2271 1566 2314 invenire
1581 2269 1614 2313 ².
1643 2285 1661 2311 ιι
1682 2270 1735 2314 Et

372 2359 465 2392 <ore
490 2358 668 2401 magnus
689 2351 753 2386 est
773 2342 844 2400 qui
867 2349 910 2384 et
930 2342 1059 2384 divini
1081 2342 1220 2400 operis
1241 2343 1448 2400 interpres
1465 2350 1552 2391 est,
1570 2350 1619 2384 et*
1639 2342 1736 2384 imi-
1786 2335 1791 2340 ⁸

366 2422 478 2456 tator
498 2413 588 2456 Dei.
620 2413 760 2456 Homo
782 2421 847 2456 est
866 2413 979 2455 enim
1004 2413 1076 2470 qui
1098 2413 1237 2471 potuit
1265 2413 1406 2455 dicere
1426 2428 1436 2455 ε
1459 2430 1476 2452 α
1498 2412 1735 2456 imitatores

367 2484 482 2527 »mei
502 2493 637 2528 estote
651 2517 662 2534 ‚
693 2485 802 2528 sicut
824 2493 866 2528 ει
887 2499 965 2543 ego
993 2483 1151 2526 Christi
1167 2483 1197 2527 ³.
1224 2485 1428 2527 »Terram
1447 2483 1602 2527 excolit
1628 2482 1735 2526 mari

367 2563 569 2613 tanquam
591 2556 854 2614 possessione
878 2556 1031 2606 utitur,
1053 2555 1148 2599 coeli
1171 2563 1418 2598 ornamenta
1440 2563 1584 2616 gratus
1605 2553 1737 2600 mira-

417 2652 426 2680 !
449 2655 467 2687 a
482 2645 561 2683 Cor.
578 2656 622 2691 xv,
642 2646 692 2685 ιδ.
709 2664 750 2694 -g
769 2657 782 2686 ,²
800 2647 895 2687 Prov.
911 2657 967 2693 xx,
980 2647 1064 2692 6.-χ-ἶ
1077 2647 1092 2671 5
1114 2658 1126 2682 ι
1144 2646 1283 2690 Gonu,
1301 2656 1330 2687 {-
