<?xml version="1.0" encoding="UTF-8"?>
<!DOCTYPE html PUBLIC "-//W3C//DTD XHTML 1.0 Transitional//EN"
    "http://www.w3.org/TR/xhtml1/DTD/xhtml1-transitional.dtd">
<html xmlns="http://www.w3.org/1999/xhtml" xml:lang="en" lang="en">
 <head>
  <title>
</title>
<meta http-equiv="Content-Type" content="text/html;charset=utf-8" />
  <meta name='ocr-system' content='tesseract 3.04.00' />
  <meta name='ocr-capabilities' content='ocr_page ocr_carea ocr_par ocr_line ocrx_word'/>
</head>
<body>
  <div class='ocr_page' id='page_1' title='image "./omniaequaeextant04ambruoft_0090.png"; bbox 0 0 1800 3236; ppageno 0'>
   <div class='ocr_carea' id='block_1_1' title="bbox 364 294 1175 340">
    <p class='ocr_par' dir='ltr' id='par_1_1' title="bbox 364 294 1175 340">
     <span class='ocr_line' id='line_1_1' title="bbox 364 294 1175 340; baseline -0.01 0"><span class='ocrx_word' id='word_1_1' title='bbox 364 294 419 340; x_wconf 88' lang='lat'><strong>80</strong></span> <span class='ocrx_word' id='word_1_2' title='bbox 567 324 570 326; x_wconf 92' lang='lat'>-</span> <span class='ocrx_word' id='word_1_3' title='bbox 703 302 705 305; x_wconf 72' lang='grc'>’</span> <span class='ocrx_word' id='word_1_4' title='bbox 909 297 943 334; x_wconf 75' lang='lat' dir='ltr'><strong>s,</strong></span> <span class='ocrx_word' id='word_1_5' title='bbox 982 299 1175 333; x_wconf 70' lang='lat' dir='ltr'><strong>Annnosn</strong></span> 
     </span>
    </p>
   </div>
   <div class='ocr_carea' id='block_1_2' title="bbox 335 366 1767 2577">
    <p class='ocr_par' dir='ltr' id='par_1_2' title="bbox 335 366 1767 2577">
     <span class='ocr_line' id='line_1_2' title="bbox 358 366 1725 446; baseline -0.004 -14"><span class='ocrx_word' id='word_1_6' title='bbox 358 385 550 446; x_wconf 82' lang='lat' dir='ltr'><strong>Denique</strong></span> <span class='ocrx_word' id='word_1_7' title='bbox 572 384 746 445; x_wconf 80' lang='lat' dir='ltr'><strong>gentiles</strong></span> <span class='ocrx_word' id='word_1_8' title='bbox 766 397 853 427; x_wconf 90' lang='lat' dir='ltr'><strong>non</strong></span> <span class='ocrx_word' id='word_1_9' title='bbox 869 389 993 432; x_wconf 87' lang='lat' dir='ltr'><strong>sunt;</strong></span> <span class='ocrx_word' id='word_1_10' title='bbox 1019 390 1062 425; x_wconf 87' lang='lat' dir='ltr'><strong>et</strong></span> <span class='ocrx_word' id='word_1_11' title='bbox 1077 381 1173 426; x_wconf 87' lang='lat' dir='ltr'><strong>ideo</strong></span> <span class='ocrx_word' id='word_1_12' title='bbox 1191 396 1278 425; x_wconf 89' lang='lat' dir='ltr'><strong>non</strong></span> <span class='ocrx_word' id='word_1_13' title='bbox 1294 380 1457 433; x_wconf 74' lang='lat' dir='ltr'><strong>vivunt,</strong></span> <span class='ocrx_word' id='word_1_14' title='bbox 1476 366 1550 427; x_wconf 82' lang='lat' dir='ltr'><strong>sed</strong></span> <span class='ocrx_word' id='word_1_15' title='bbox 1565 372 1725 427; x_wconf 86' lang='lat' dir='ltr'><strong>mortui</strong></span> 
     </span>
     <span class='ocr_line' id='line_1_3' title="bbox 359 452 1713 511; baseline -0.007 -7"><span class='ocrx_word' id='word_1_16' title='bbox 359 467 456 504; x_wconf 80' lang='lat' dir='ltr'><strong>sunt</strong></span> <span class='ocrx_word' id='word_1_17' title='bbox 472 473 482 501; x_wconf 74' lang='lat' dir='ltr'><em>z</em></span> <span class='ocrx_word' id='word_1_18' title='bbox 499 475 514 498; x_wconf 77' lang='grc' dir='ltr'><strong>α</strong></span> <span class='ocrx_word' id='word_1_19' title='bbox 529 456 652 501; x_wconf 83' lang='lat' dir='ltr'><strong>Jesus</strong></span> <span class='ocrx_word' id='word_1_20' title='bbox 676 463 815 499; x_wconf 82' lang='lat' dir='ltr'><strong>autem</strong></span> <span class='ocrx_word' id='word_1_21' title='bbox 837 452 928 496; x_wconf 88' lang='lat' dir='ltr'><strong>heri</strong></span> <span class='ocrx_word' id='word_1_22' title='bbox 951 460 994 504; x_wconf 82' lang='lat' dir='ltr'><strong>et</strong></span> <span class='ocrx_word' id='word_1_23' title='bbox 1012 452 1157 503; x_wconf 86' lang='lat' dir='ltr'><strong>hodie,</strong></span> <span class='ocrx_word' id='word_1_24' title='bbox 1182 453 1271 511; x_wconf 88' lang='lat' dir='ltr'><strong>ipse</strong></span> <span class='ocrx_word' id='word_1_25' title='bbox 1287 462 1350 497; x_wconf 90' lang='lat' dir='ltr'><strong>est</strong></span> <span class='ocrx_word' id='word_1_26' title='bbox 1370 453 1474 497; x_wconf 87' lang='lat' dir='ltr'><strong>etin</strong></span> <span class='ocrx_word' id='word_1_27' title='bbox 1489 452 1680 498; x_wconf 71' lang='lat' dir='ltr'><strong>saecffla&#39;.</strong></span> <span class='ocrx_word' id='word_1_28' title='bbox 1696 471 1713 494; x_wconf 77' lang='lat' dir='ltr'><strong>n</strong></span> 
     </span>
     <span class='ocr_line' id='line_1_4' title="bbox 358 523 1712 588; baseline -0.006 -15"><span class='ocrx_word' id='word_1_29' title='bbox 358 529 411 574; x_wconf 89' lang='lat' dir='ltr'><strong>Et</strong></span> <span class='ocrx_word' id='word_1_30' title='bbox 434 528 508 588; x_wconf 91' lang='lat' dir='ltr'><strong>qui</strong></span> <span class='ocrx_word' id='word_1_31' title='bbox 530 536 607 578; x_wconf 86' lang='lat' dir='ltr'><strong>est,</strong></span> <span class='ocrx_word' id='word_1_32' title='bbox 635 526 760 570; x_wconf 84' lang='lat' dir='ltr'><strong>vivit:</strong></span> <span class='ocrx_word' id='word_1_33' title='bbox 777 523 908 568; x_wconf 78' lang='lat' dir='ltr'><strong>«Vivo</strong></span> <span class='ocrx_word' id='word_1_34' title='bbox 924 523 1038 566; x_wconf 88' lang='lat' dir='ltr'><strong>enim</strong></span> <span class='ocrx_word' id='word_1_35' title='bbox 1055 539 1133 583; x_wconf 85' lang='lat' dir='ltr'><strong>ego</strong></span> <span class='ocrx_word' id='word_1_36' title='bbox 1146 527 1161 574; x_wconf 86' lang='grc'><strong>,’</strong></span> <span class='ocrx_word' id='word_1_37' title='bbox 1178 524 1281 568; x_wconf 89' lang='lat' dir='ltr'><strong>dicit</strong></span> <span class='ocrx_word' id='word_1_38' title='bbox 1295 525 1502 569; x_wconf 84' lang='lat' dir='ltr'>Dominus</span> <span class='ocrx_word' id='word_1_39' title='bbox 1514 524 1673 569; x_wconf 76' lang='lat' dir='ltr'><strong>Deus&#39;.</strong></span> <span class='ocrx_word' id='word_1_40' title='bbox 1695 542 1712 565; x_wconf 71' lang='lat' dir='ltr'><strong>n</strong></span> 
     </span>
     <span class='ocr_line' id='line_1_5' title="bbox 358 594 1722 655; baseline -0.003 -12"><span class='ocrx_word' id='word_1_41' title='bbox 358 601 586 654; x_wconf 85' lang='lat' dir='ltr'>Quomodo</span> <span class='ocrx_word' id='word_1_42' title='bbox 617 597 730 642; x_wconf 87' lang='lat' dir='ltr'><strong>enim</strong></span> <span class='ocrx_word' id='word_1_43' title='bbox 761 603 900 655; x_wconf 87' lang='lat' dir='ltr'><strong>potest</strong></span> <span class='ocrx_word' id='word_1_44' title='bbox 930 611 1016 638; x_wconf 93' lang='lat' dir='ltr'><strong>non</strong></span> <span class='ocrx_word' id='word_1_45' title='bbox 1045 597 1262 652; x_wconf 41' lang='lat' dir='ltr'><strong>essefqui</strong></span> <span class='ocrx_word' id='word_1_46' title='bbox 1283 597 1416 638; x_wconf 70' lang='lat' dir='ltr'><strong>vivit?</strong></span> <span class='ocrx_word' id='word_1_47' title='bbox 1445 594 1557 639; x_wconf 89' lang='lat' dir='ltr'><strong>Vivit</strong></span> <span class='ocrx_word' id='word_1_48' title='bbox 1579 601 1722 640; x_wconf 82' lang='lat' dir='ltr'><strong>autem</strong></span> 
     </span>
     <span class='ocr_line' id='line_1_6' title="bbox 354 661 1722 728; baseline -0.006 -11"><span class='ocrx_word' id='word_1_49' title='bbox 354 672 499 721; x_wconf 75' lang='lat' dir='ltr'><strong>Jesus,</strong></span> <span class='ocrx_word' id='word_1_50' title='bbox 527 668 599 728; x_wconf 82' lang='lat' dir='ltr'><strong>qui</strong></span> <span class='ocrx_word' id='word_1_51' title='bbox 618 668 743 711; x_wconf 82' lang='lat' dir='ltr'><strong>etiam</strong></span> <span class='ocrx_word' id='word_1_52' title='bbox 767 674 957 708; x_wconf 76' lang='lat' dir='ltr'><strong>mortuos</strong></span> <span class='ocrx_word' id='word_1_53' title='bbox 979 661 1186 710; x_wconf 80' lang='lat' dir='ltr'><strong>vivificat.</strong></span> <span class='ocrx_word' id='word_1_54' title='bbox 1217 673 1261 708; x_wconf 91' lang='lat' dir='ltr'><strong>et</strong></span> <span class='ocrx_word' id='word_1_55' title='bbox 1291 673 1414 709; x_wconf 80' lang='lat' dir='ltr'><strong>vocat</strong></span> <span class='ocrx_word' id='word_1_56' title='bbox 1438 681 1485 708; x_wconf 84' lang='lat' dir='ltr'><strong>ea</strong></span> <span class='ocrx_word' id='word_1_57' title='bbox 1513 671 1607 724; x_wconf 72' lang='lat' dir='ltr'><strong>quae</strong></span> <span class='ocrx_word' id='word_1_58' title='bbox 1630 664 1722 709; x_wconf 71' lang='lat' dir='ltr'><strong>&#39;non&#39;</strong></span> 
     </span>
     <span class='ocr_line' id='line_1_7' title="bbox 357 734 1767 796; baseline -0.008 -8"><span class='ocrx_word' id='word_1_59' title='bbox 357 751 456 787; x_wconf 90' lang='lat' dir='ltr'><strong>sunt</strong></span> <span class='ocrx_word' id='word_1_60' title='bbox 481 750 680 796; x_wconf 78' lang='lat' dir='ltr'><strong>tanquam</strong></span> <span class='ocrx_word' id='word_1_61' title='bbox 701 751 749 778; x_wconf 86' lang='lat' dir='ltr'><strong>ea</strong></span> <span class='ocrx_word' id='word_1_62' title='bbox 772 749 865 793; x_wconf 81' lang='lat' dir='ltr'><strong>quae</strong></span> <span class='ocrx_word' id='word_1_63' title='bbox 884 742 994 777; x_wconf 83' lang='lat' dir='ltr'><strong>sunt.</strong></span> <span class='ocrx_word' id='word_1_64' title='bbox 1021 734 1135 778; x_wconf 91' lang='lat' dir='ltr'><strong>Nihil</strong></span> <span class='ocrx_word' id='word_1_65' title='bbox 1155 734 1313 778; x_wconf 84' lang='lat' dir='ltr'><strong>mirum</strong></span> <span class='ocrx_word' id='word_1_66' title='bbox 1336 735 1371 778; x_wconf 88' lang='lat' dir='ltr'><strong>si</strong></span> <span class='ocrx_word' id='word_1_67' title='bbox 1393 735 1578 779; x_wconf 87' lang='lat' dir='ltr'><strong>Domino</strong></span> <span class='ocrx_word' id='word_1_68' title='bbox 1608 735 1723 780; x_wconf 82' lang='lat' dir='ltr'><strong>cedit</strong></span> <span class='ocrx_word' id='word_1_69' title='bbox 1761 759 1767 777; x_wconf 68' lang='lat' dir='ltr'><em>l</em></span> 
     </span>
     <span class='ocr_line' id='line_1_8' title="bbox 355 804 1719 865; baseline -0.008 -4"><span class='ocrx_word' id='word_1_70' title='bbox 355 823 521 863; x_wconf 78' lang='lat' dir='ltr'><strong>natura,</strong></span> <span class='ocrx_word' id='word_1_71' title='bbox 538 817 586 853; x_wconf 90' lang='lat' dir='ltr'><strong>ut</strong></span> <span class='ocrx_word' id='word_1_72' title='bbox 599 804 865 851; x_wconf 84' lang='lat' dir='ltr'><strong>vivificentur</strong></span> <span class='ocrx_word' id='word_1_73' title='bbox 885 813 927 848; x_wconf 86' lang='lat' dir='ltr'><strong>et</strong></span> <span class='ocrx_word' id='word_1_74' title='bbox 947 805 1120 856; x_wconf 83' lang='lat' dir='ltr'><strong>mortui,</strong></span> <span class='ocrx_word' id='word_1_75' title='bbox 1139 813 1182 848; x_wconf 88' lang='lat' dir='ltr'><strong>et</strong></span> <span class='ocrx_word' id='word_1_76' title='bbox 1199 805 1403 865; x_wconf 78' lang='lat' dir='ltr'><strong>incipiant</strong></span> <span class='ocrx_word' id='word_1_77' title='bbox 1419 817 1530 857; x_wconf 69' lang='lat' dir='ltr'><strong>esse,⁴</strong></span> <span class='ocrx_word' id='word_1_78' title='bbox 1544 806 1719 865; x_wconf 74' lang='lat' dir='ltr'><strong>quinon</strong></span> 
     </span>
     <span class='ocr_line' id='line_1_9' title="bbox 354 875 1719 936; baseline -0.007 -5"><span class='ocrx_word' id='word_1_79' title='bbox 354 892 486 931; x_wconf 82' lang='lat' dir='ltr'><strong>erant.</strong></span> <span class='ocrx_word' id='word_1_80' title='bbox 514 882 567 926; x_wconf 87' lang='lat' dir='ltr'><strong>Et</strong></span> <span class='ocrx_word' id='word_1_81' title='bbox 587 880 679 923; x_wconf 85' lang='lat' dir='ltr'><strong>ideo</strong></span> <span class='ocrx_word' id='word_1_82' title='bbox 701 876 799 935; x_wconf 89' lang='lat' dir='ltr'><strong>quia</strong></span> <span class='ocrx_word' id='word_1_83' title='bbox 822 875 887 920; x_wconf 84' lang='lat' dir='ltr'><strong>via</strong></span> <span class='ocrx_word' id='word_1_84' title='bbox 909 876 1036 919; x_wconf 81' lang='lat' dir='ltr'><strong>etiam</strong></span> <span class='ocrx_word' id='word_1_85' title='bbox 1058 876 1140 919; x_wconf 85' lang='lat' dir='ltr'><strong>vita</strong></span> <span class='ocrx_word' id='word_1_86' title='bbox 1167 885 1230 920; x_wconf 90' lang='lat' dir='ltr'><strong>est</strong></span> <span class='ocrx_word' id='word_1_87' title='bbox 1251 879 1487 921; x_wconf 88' lang='lat' dir='ltr'><strong>secundum</strong></span> <span class='ocrx_word' id='word_1_88' title='bbox 1508 877 1628 922; x_wconf 87' lang='lat' dir='ltr'><strong>illum</strong></span> <span class='ocrx_word' id='word_1_89' title='bbox 1646 877 1719 936; x_wconf 90' lang='lat' dir='ltr'><strong>qui</strong></span> 
     </span>
     <span class='ocr_line' id='line_1_10' title="bbox 355 945 1720 1011; baseline -0.006 -11"><span class='ocrx_word' id='word_1_90' title='bbox 355 957 435 1000; x_wconf 82' lang='lat' dir='ltr'><strong>ait:</strong></span> <span class='ocrx_word' id='word_1_91' title='bbox 453 953 565 1011; x_wconf 75' lang='lat' dir='ltr'><strong>«Ego</strong></span> <span class='ocrx_word' id='word_1_92' title='bbox 589 964 681 994; x_wconf 88' lang='lat' dir='ltr'><strong>sum</strong></span> <span class='ocrx_word' id='word_1_93' title='bbox 699 948 763 991; x_wconf 88' lang='lat' dir='ltr'><strong>via</strong></span> <span class='ocrx_word' id='word_1_94' title='bbox 777 980 787 998; x_wconf 92' lang='lat'>,</span> <span class='ocrx_word' id='word_1_95' title='bbox 806 947 960 991; x_wconf 77' lang='lat' dir='ltr'><strong>veritas</strong></span> <span class='ocrx_word' id='word_1_96' title='bbox 974 980 985 998; x_wconf 94' lang='lat'><strong>,</strong></span> <span class='ocrx_word' id='word_1_97' title='bbox 1015 955 1058 990; x_wconf 90' lang='lat' dir='ltr'><strong>et</strong></span> <span class='ocrx_word' id='word_1_98' title='bbox 1072 945 1178 990; x_wconf 81' lang='lat' dir='ltr'><strong>vita⁸</strong></span> <span class='ocrx_word' id='word_1_99' title='bbox 1199 948 1363 998; x_wconf 59' lang='lat' dir='ltr'><strong>„viam</strong></span> <span class='ocrx_word' id='word_1_100' title='bbox 1387 953 1647 1007; x_wconf 75' lang='lat' dir='ltr'><strong>quaeramus,</strong></span> <span class='ocrx_word' id='word_1_101' title='bbox 1670 955 1720 992; x_wconf 83' lang='lat' dir='ltr'><strong>ut</strong></span> 
     </span>
     <span class='ocr_line' id='line_1_11' title="bbox 350 1014 1729 1084; baseline -0.005 -13"><span class='ocrx_word' id='word_1_102' title='bbox 350 1027 478 1084; x_wconf 83' lang='lat' dir='ltr'><strong>vitam</strong></span> <span class='ocrx_word' id='word_1_103' title='bbox 496 1023 653 1067; x_wconf 82' lang='lat' dir='ltr'><strong>habere</strong></span> <span class='ocrx_word' id='word_1_104' title='bbox 668 1034 920 1063; x_wconf 85' lang='lat' dir='ltr'><strong>mereamur.</strong></span> <span class='ocrx_word' id='word_1_105' title='bbox 943 1018 1177 1062; x_wconf 81' lang='lat' dir='ltr'><strong>Audiamus</strong></span> <span class='ocrx_word' id='word_1_106' title='bbox 1193 1015 1299 1077; x_wconf 81' lang='lat' dir='ltr'><strong>ergo</strong></span> <span class='ocrx_word' id='word_1_107' title='bbox 1314 1019 1435 1062; x_wconf 88' lang='lat' dir='ltr'><strong>illum</strong></span> <span class='ocrx_word' id='word_1_108' title='bbox 1458 1014 1531 1078; x_wconf 83' lang='lat' dir='ltr'><strong>qui</strong></span> <span class='ocrx_word' id='word_1_109' title='bbox 1552 1019 1655 1063; x_wconf 87' lang='lat' dir='ltr'><strong>vivit</strong></span> <span class='ocrx_word' id='word_1_110' title='bbox 1674 1019 1729 1078; x_wconf 37' lang='lat' dir='ltr'><strong>in·</strong></span> 
     </span>
     <span class='ocr_line' id='line_1_12' title="bbox 353 1089 1716 1148; baseline -0.007 -7"><span class='ocrx_word' id='word_1_111' title='bbox 353 1097 535 1141; x_wconf 85' lang='lat' dir='ltr'><strong>Christo.</strong></span> <span class='ocrx_word' id='word_1_112' title='bbox 567 1091 679 1138; x_wconf 87' lang='lat' dir='ltr'><strong>Vivit</strong></span> <span class='ocrx_word' id='word_1_113' title='bbox 701 1098 843 1134; x_wconf 80' lang='lat' dir='ltr'><strong>autem</strong></span> <span class='ocrx_word' id='word_1_114' title='bbox 866 1089 937 1148; x_wconf 89' lang='lat' dir='ltr'><strong>qui</strong></span> <span class='ocrx_word' id='word_1_115' title='bbox 959 1089 1040 1132; x_wconf 83' lang='lat' dir='ltr'><strong>ait:</strong></span> <span class='ocrx_word' id='word_1_116' title='bbox 1058 1107 1074 1128; x_wconf 73' lang='lat' dir='ltr'><em>a</em></span> <span class='ocrx_word' id='word_1_117' title='bbox 1088 1089 1174 1132; x_wconf 90' lang='lat' dir='ltr'><strong>Sed</strong></span> <span class='ocrx_word' id='word_1_118' title='bbox 1193 1105 1269 1132; x_wconf 89' lang='lat' dir='ltr'><strong>nos</strong></span> <span class='ocrx_word' id='word_1_119' title='bbox 1286 1090 1357 1147; x_wconf 86' lang='lat' dir='ltr'><strong>qui</strong></span> <span class='ocrx_word' id='word_1_120' title='bbox 1375 1090 1572 1139; x_wconf 85' lang='lat' dir='ltr'><strong>vivimus,</strong></span> <span class='ocrx_word' id='word_1_121' title='bbox 1589 1090 1716 1133; x_wconf 84' lang='lat' dir='ltr'><strong>bene-</strong></span> 
     </span>
     <span class='ocr_line' id='line_1_13' title="bbox 351 1159 1718 1238; baseline -0.007 -26"><span class='ocrx_word' id='word_1_122' title='bbox 351 1186 368 1211; x_wconf 84' lang='lat'>»</span> <span class='ocrx_word' id='word_1_123' title='bbox 383 1167 562 1211; x_wconf 86' lang='lat' dir='ltr'><strong>dicimus</strong></span> <span class='ocrx_word' id='word_1_124' title='bbox 587 1172 648 1211; x_wconf 85' lang='lat' dir='ltr'><strong>te,</strong></span> <span class='ocrx_word' id='word_1_125' title='bbox 673 1159 878 1206; x_wconf 74' lang='lat' dir='ltr'><strong>Domine⁶</strong></span> <span class='ocrx_word' id='word_1_126' title='bbox 896 1177 907 1210; x_wconf 91' lang='lat'>;</span> <span class='ocrx_word' id='word_1_127' title='bbox 925 1179 940 1200; x_wconf 78' lang='lat' dir='ltr'><strong>n</strong></span> <span class='ocrx_word' id='word_1_128' title='bbox 954 1160 997 1202; x_wconf 93' lang='lat' dir='ltr'><strong>in</strong></span> <span class='ocrx_word' id='word_1_129' title='bbox 1025 1159 1192 1203; x_wconf 88' lang='lat' dir='ltr'><strong>Christo</strong></span> <span class='ocrx_word' id='word_1_130' title='bbox 1217 1160 1332 1203; x_wconf 88' lang='lat' dir='ltr'><strong>enim</strong></span> <span class='ocrx_word' id='word_1_131' title='bbox 1353 1159 1458 1238; x_wconf 72' lang='lat' dir='ltr'><strong>‹Jesu</strong></span> <span class='ocrx_word' id='word_1_132' title='bbox 1474 1159 1602 1204; x_wconf 85' lang='lat' dir='ltr'><strong>etiam</strong></span> <span class='ocrx_word' id='word_1_133' title='bbox 1620 1159 1718 1218; x_wconf 77' lang='lat' dir='ltr'><strong>qui—</strong></span> 
     </span>
     <span class='ocr_line' id='line_1_14' title="bbox 354 1230 1711 1295; baseline -0.01 -12"><span class='ocrx_word' id='word_1_134' title='bbox 354 1251 539 1295; x_wconf 88' lang='lat' dir='ltr'><strong>cumque</strong></span> <span class='ocrx_word' id='word_1_135' title='bbox 556 1241 747 1277; x_wconf 84' lang='lat' dir='ltr'><strong>mortuus</strong></span> <span class='ocrx_word' id='word_1_136' title='bbox 764 1231 906 1278; x_wconf 87' lang='lat' dir='ltr'><strong>suerit,</strong></span> <span class='ocrx_word' id='word_1_137' title='bbox 927 1230 1037 1274; x_wconf 87' lang='lat' dir='ltr'><strong>vivit.</strong></span> <span class='ocrx_word' id='word_1_138' title='bbox 1705 1236 1711 1254; x_wconf 70' lang='lat'>³</span> 
     </span>
     <span class='ocr_line' id='line_1_15' title="bbox 409 1300 1716 1361; baseline -0.005 -9"><span class='ocrx_word' id='word_1_139' title='bbox 409 1310 462 1352; x_wconf 90' lang='grc' dir='ltr'><strong>ΙΙ.</strong></span> <span class='ocrx_word' id='word_1_140' title='bbox 499 1305 755 1354; x_wconf 81' lang='lat' dir='ltr'><strong>Audiamus,</strong></span> <span class='ocrx_word' id='word_1_141' title='bbox 783 1303 982 1360; x_wconf 88' lang='lat' dir='ltr'><strong>inquam,</strong></span> <span class='ocrx_word' id='word_1_142' title='bbox 1011 1301 1114 1360; x_wconf 81' lang='lat' dir='ltr'><strong>quid</strong></span> <span class='ocrx_word' id='word_1_143' title='bbox 1133 1301 1236 1345; x_wconf 84' lang='lat' dir='ltr'><strong>dixit</strong></span> <span class='ocrx_word' id='word_1_144' title='bbox 1256 1310 1304 1345; x_wconf 86' lang='lat' dir='ltr'><strong>ut</strong></span> <span class='ocrx_word' id='word_1_145' title='bbox 1324 1301 1507 1346; x_wconf 83' lang='lat' dir='ltr'><strong>viveret:</strong></span> <span class='ocrx_word' id='word_1_146' title='bbox 1525 1319 1540 1342; x_wconf 79' lang='grc' dir='ltr'><strong>α</strong></span> <span class='ocrx_word' id='word_1_147' title='bbox 1557 1300 1716 1361; x_wconf 82' lang='lat' dir='ltr'><strong>Legem</strong></span> 
     </span>
     <span class='ocr_line' id='line_1_16' title="bbox 350 1372 1710 1431; baseline -0.005 -8"><span class='ocrx_word' id='word_1_148' title='bbox 350 1379 485 1426; x_wconf 74' lang='lat' dir='ltr'><strong>„mihi</strong></span> <span class='ocrx_word' id='word_1_149' title='bbox 509 1376 741 1424; x_wconf 86' lang='lat' dir='ltr'><strong>constitue,</strong></span> <span class='ocrx_word' id='word_1_150' title='bbox 772 1373 975 1423; x_wconf 89' lang='lat' dir='ltr'><strong>Domine,</strong></span> <span class='ocrx_word' id='word_1_151' title='bbox 1004 1373 1114 1416; x_wconf 84' lang='lat' dir='ltr'><strong>viam</strong></span> <span class='ocrx_word' id='word_1_152' title='bbox 1135 1372 1487 1431; x_wconf 84' lang='lat' dir='ltr'><strong>justificationum</strong></span> <span class='ocrx_word' id='word_1_153' title='bbox 1509 1381 1680 1416; x_wconf 86' lang='lat' dir='ltr'><strong>tuarum</strong></span> <span class='ocrx_word' id='word_1_154' title='bbox 1699 1385 1710 1416; x_wconf 85' lang='lat'><strong>:</strong></span> 
     </span>
     <span class='ocr_line' id='line_1_17' title="bbox 350 1443 1714 1509; baseline -0.006 -14"><span class='ocrx_word' id='word_1_155' title='bbox 350 1453 367 1496; x_wconf 69' lang='lat' dir='ltr'><strong>&#39;n</strong></span> <span class='ocrx_word' id='word_1_156' title='bbox 381 1460 422 1496; x_wconf 89' lang='lat' dir='ltr'><strong>et</strong></span> <span class='ocrx_word' id='word_1_157' title='bbox 434 1463 616 1509; x_wconf 86' lang='lat' dir='ltr'><strong>quaeram</strong></span> <span class='ocrx_word' id='word_1_158' title='bbox 629 1446 742 1488; x_wconf 87' lang='lat' dir='ltr'><strong>illam</strong></span> <span class='ocrx_word' id='word_1_159' title='bbox 755 1443 958 1501; x_wconf 84' lang='lat' dir='ltr'><strong>semper⁵.</strong></span> <span class='ocrx_word' id='word_1_160' title='bbox 974 1444 1119 1486; x_wconf 85' lang='lat' dir='ltr'><strong>»Miles</strong></span> <span class='ocrx_word' id='word_1_161' title='bbox 1133 1444 1204 1501; x_wconf 88' lang='lat' dir='ltr'><strong>qui</strong></span> <span class='ocrx_word' id='word_1_162' title='bbox 1218 1444 1452 1502; x_wconf 83' lang='lat' dir='ltr'><strong>ingreditur</strong></span> <span class='ocrx_word' id='word_1_163' title='bbox 1463 1444 1559 1494; x_wconf 90' lang='lat' dir='ltr'><strong>iter,</strong></span> <span class='ocrx_word' id='word_1_164' title='bbox 1571 1443 1714 1488; x_wconf 83' lang='lat' dir='ltr'><strong>viandi</strong></span> 
     </span>
     <span class='ocr_line' id='line_1_18' title="bbox 349 1514 1713 1574; baseline -0.008 -6"><span class='ocrx_word' id='word_1_165' title='bbox 349 1522 542 1568; x_wconf 85' lang='lat' dir='ltr'><strong>ordinem</strong></span> <span class='ocrx_word' id='word_1_166' title='bbox 562 1532 646 1561; x_wconf 89' lang='lat' dir='ltr'><strong>non</strong></span> <span class='ocrx_word' id='word_1_167' title='bbox 668 1514 961 1574; x_wconf 89' lang='lat' dir='ltr'><strong>ipse-disponit</strong></span> <span class='ocrx_word' id='word_1_168' title='bbox 979 1514 1078 1564; x_wconf 88' lang='lat' dir='ltr'><strong>sibi,</strong></span> <span class='ocrx_word' id='word_1_169' title='bbox 1101 1529 1180 1557; x_wconf 86' lang='lat' dir='ltr'><strong>nec</strong></span> <span class='ocrx_word' id='word_1_170' title='bbox 1204 1530 1282 1573; x_wconf 88' lang='lat' dir='ltr'><strong>pro</strong></span> <span class='ocrx_word' id='word_1_171' title='bbox 1305 1530 1382 1559; x_wconf 88' lang='lat' dir='ltr'><strong>suo</strong></span> <span class='ocrx_word' id='word_1_172' title='bbox 1404 1514 1577 1558; x_wconf 85' lang='lat' dir='ltr'><strong>arbitrio</strong></span> <span class='ocrx_word' id='word_1_173' title='bbox 1594 1514 1713 1560; x_wconf 62' lang='lat' dir='ltr'><strong>viam</strong></span> 
     </span>
     <span class='ocr_line' id='line_1_19' title="bbox 350 1585 1712 1653; baseline -0.007 -15"><span class='ocrx_word' id='word_1_174' title='bbox 350 1593 507 1653; x_wconf 79' lang='lat' dir='ltr'><strong>carpit,</strong></span> <span class='ocrx_word' id='word_1_175' title='bbox 533 1604 612 1633; x_wconf 89' lang='lat' dir='ltr'><strong>nec</strong></span> <span class='ocrx_word' id='word_1_176' title='bbox 631 1585 895 1645; x_wconf 83' lang='lat' dir='ltr'><strong>voluptuaria</strong></span> <span class='ocrx_word' id='word_1_177' title='bbox 918 1593 1059 1643; x_wconf 78' lang='lat' dir='ltr'><strong>captat</strong></span> <span class='ocrx_word' id='word_1_178' title='bbox 1082 1585 1360 1644; x_wconf 74' lang='lat' dir='ltr'><strong>compendia,</strong></span> <span class='ocrx_word' id='word_1_179' title='bbox 1396 1601 1450 1629; x_wconf 89' lang='lat' dir='ltr'><strong>ne</strong></span> <span class='ocrx_word' id='word_1_180' title='bbox 1487 1585 1661 1628; x_wconf 78' lang='lat' dir='ltr'><strong>recedat</strong></span> <span class='ocrx_word' id='word_1_181' title='bbox 1684 1596 1712 1628; x_wconf 69' lang='lat' dir='ltr'>a</span> 
     </span>
     <span class='ocr_line' id='line_1_20' title="bbox 350 1656 1711 1725; baseline -0.007 -17"><span class='ocrx_word' id='word_1_182' title='bbox 350 1665 477 1725; x_wconf 77' lang='lat' dir='ltr'><strong>signis</strong></span> <span class='ocrx_word' id='word_1_183' title='bbox 498 1662 534 1720; x_wconf 82' lang='grc' dir='ltr'><strong>(ι</strong></span> <span class='ocrx_word' id='word_1_184' title='bbox 548 1662 589 1719; x_wconf 88' lang='lat'><strong>7)</strong></span> <span class='ocrx_word' id='word_1_185' title='bbox 607 1676 616 1702; x_wconf 90' lang='lat'>:</span> <span class='ocrx_word' id='word_1_186' title='bbox 641 1660 715 1702; x_wconf 90' lang='lat' dir='ltr'><strong>sed</strong></span> <span class='ocrx_word' id='word_1_187' title='bbox 737 1656 997 1700; x_wconf 83' lang='lat' dir='ltr'><strong>itinerarium</strong></span> <span class='ocrx_word' id='word_1_188' title='bbox 1020 1658 1071 1699; x_wconf 84' lang='lat' dir='ltr'><strong>ab</strong></span> <span class='ocrx_word' id='word_1_189' title='bbox 1094 1657 1349 1714; x_wconf 73' lang='lat' dir='ltr'><strong>imperatore</strong></span> <span class='ocrx_word' id='word_1_190' title='bbox 1366 1656 1536 1714; x_wconf 85' lang='lat' dir='ltr'><strong>accipit,</strong></span> <span class='ocrx_word' id='word_1_191' title='bbox 1555 1664 1598 1699; x_wconf 86' lang='lat' dir='ltr'><strong>et</strong></span> <span class='ocrx_word' id='word_1_192' title='bbox 1619 1671 1711 1701; x_wconf 84' lang='lat' dir='ltr'><strong>cus·</strong></span> 
     </span>
     <span class='ocr_line' id='line_1_21' title="bbox 347 1726 1709 1788; baseline -0.009 -6"><span class='ocrx_word' id='word_1_193' title='bbox 347 1737 457 1782; x_wconf 82' lang='lat' dir='ltr'><strong>todit</strong></span> <span class='ocrx_word' id='word_1_194' title='bbox 485 1732 618 1777; x_wconf 82' lang='lat' dir='ltr'><strong>illud:</strong></span> <span class='ocrx_word' id='word_1_195' title='bbox 655 1727 900 1788; x_wconf 63' lang='lat' dir='ltr'><strong>praescripto</strong></span> <span class='ocrx_word' id='word_1_196' title='bbox 930 1727 1089 1770; x_wconf 85' lang='lat' dir='ltr'><strong>incedit</strong></span> <span class='ocrx_word' id='word_1_197' title='bbox 1114 1727 1292 1770; x_wconf 87' lang='lat' dir='ltr'><strong>ordine:</strong></span> <span class='ocrx_word' id='word_1_198' title='bbox 1327 1742 1427 1770; x_wconf 88' lang='lat' dir='ltr'><strong>cum</strong></span> <span class='ocrx_word' id='word_1_199' title='bbox 1465 1727 1592 1769; x_wconf 85' lang='lat' dir='ltr'><strong>armis</strong></span> <span class='ocrx_word' id='word_1_200' title='bbox 1623 1726 1709 1770; x_wconf 81' lang='lat' dir='ltr'><strong>suis</strong></span> 
     </span>
     <span class='ocr_line' id='line_1_22' title="bbox 351 1785 1710 1858; baseline -0.009 -4"><span class='ocrx_word' id='word_1_201' title='bbox 351 1808 562 1855; x_wconf 78' lang='lat' dir='ltr'><strong>ambulat,</strong></span> <span class='ocrx_word' id='word_1_202' title='bbox 587 1810 788 1858; x_wconf 84' lang='lat' dir='ltr'><strong>rectaque</strong></span> <span class='ocrx_word' id='word_1_203' title='bbox 815 1799 879 1843; x_wconf 75' lang='lat' dir='ltr'><strong>via</strong></span> <span class='ocrx_word' id='word_1_204' title='bbox 901 1798 1073 1842; x_wconf 84' lang='lat' dir='ltr'><strong>conficit</strong></span> <span class='ocrx_word' id='word_1_205' title='bbox 1094 1799 1187 1849; x_wconf 90' lang='lat' dir='ltr'><strong>iter,</strong></span> <span class='ocrx_word' id='word_1_206' title='bbox 1213 1807 1260 1842; x_wconf 90' lang='lat' dir='ltr'><strong>ut</strong></span> <span class='ocrx_word' id='word_1_207' title='bbox 1286 1785 1471 1842; x_wconf 66' lang='lat' dir='ltr'><strong>inveniet</strong></span> <span class='ocrx_word' id='word_1_208' title='bbox 1497 1813 1710 1842; x_wconf 82' lang='lat' dir='ltr'><strong>commea·</strong></span> 
     </span>
     <span class='ocr_line' id='line_1_23' title="bbox 346 1870 1708 1937; baseline -0.008 -11"><span class='ocrx_word' id='word_1_209' title='bbox 346 1891 467 1927; x_wconf 88' lang='lat' dir='ltr'><strong>tuum</strong></span> <span class='ocrx_word' id='word_1_210' title='bbox 484 1884 627 1937; x_wconf 81' lang='lat' dir='ltr'><strong>parata</strong></span> <span class='ocrx_word' id='word_1_211' title='bbox 645 1871 839 1916; x_wconf 85' lang='lat' dir='ltr'><strong>subsidia.</strong></span> <span class='ocrx_word' id='word_1_212' title='bbox 861 1871 904 1922; x_wconf 89' lang='lat' dir='ltr'><strong>Si</strong></span> <span class='ocrx_word' id='word_1_213' title='bbox 919 1871 998 1913; x_wconf 84' lang='lat' dir='ltr'><strong>alio</strong></span> <span class='ocrx_word' id='word_1_214' title='bbox 1016 1870 1292 1933; x_wconf 78' lang='lat' dir='ltr'><strong>ambulaverit</strong></span> <span class='ocrx_word' id='word_1_215' title='bbox 1310 1871 1477 1921; x_wconf 80' lang='lat' dir='ltr'><strong>itinere,</strong></span> <span class='ocrx_word' id='word_1_216' title='bbox 1495 1873 1708 1916; x_wconf 82' lang='lat' dir='ltr'><strong>annonam</strong></span> 
     </span>
     <span class='ocr_line' id='line_1_24' title="bbox 342 1939 1707 2006; baseline -0.008 -11"><span class='ocrx_word' id='word_1_217' title='bbox 342 1967 431 1998; x_wconf 88' lang='lat' dir='ltr'><strong>non</strong></span> <span class='ocrx_word' id='word_1_218' title='bbox 452 1946 620 2006; x_wconf 84' lang='lat' dir='ltr'><strong>accipit,</strong></span> <span class='ocrx_word' id='word_1_219' title='bbox 641 1942 902 1986; x_wconf 84' lang='lat' dir='ltr'><strong>mansionem</strong></span> <span class='ocrx_word' id='word_1_220' title='bbox 922 1947 1111 1996; x_wconf 79' lang='lat' dir='ltr'><strong>paratam</strong></span> <span class='ocrx_word' id='word_1_221' title='bbox 1133 1954 1220 1981; x_wconf 93' lang='lat' dir='ltr'><strong>non</strong></span> <span class='ocrx_word' id='word_1_222' title='bbox 1243 1939 1425 1990; x_wconf 81' lang='lat' dir='ltr'><strong>invenit3</strong></span> <span class='ocrx_word' id='word_1_223' title='bbox 1451 1940 1548 1998; x_wconf 87' lang='lat' dir='ltr'><strong>quia</strong></span> <span class='ocrx_word' id='word_1_224' title='bbox 1570 1941 1707 1999; x_wconf 88' lang='lat' dir='ltr'><strong>impe-</strong></span> 
     </span>
     <span class='ocr_line' id='line_1_25' title="bbox 344 2010 1704 2073; baseline -0.01 -4"><span class='ocrx_word' id='word_1_225' title='bbox 344 2032 460 2068; x_wconf 85' lang='lat' dir='ltr'><strong>rator</strong></span> <span class='ocrx_word' id='word_1_226' title='bbox 489 2018 536 2063; x_wconf 80' lang='lat' dir='ltr'><strong>iis</strong></span> <span class='ocrx_word' id='word_1_227' title='bbox 564 2017 685 2073; x_wconf 80' lang='lat' dir='ltr'><strong>jubet</strong></span> <span class='ocrx_word' id='word_1_228' title='bbox 714 2013 804 2054; x_wconf 84' lang='lat' dir='ltr'><strong>haec</strong></span> <span class='ocrx_word' id='word_1_229' title='bbox 835 2010 1060 2069; x_wconf 81' lang='lat' dir='ltr'><strong>praeparari</strong></span> <span class='ocrx_word' id='word_1_230' title='bbox 1090 2010 1229 2052; x_wconf 81' lang='lat' dir='ltr'><strong>omnia</strong></span> <span class='ocrx_word' id='word_1_231' title='bbox 1253 2010 1324 2067; x_wconf 87' lang='lat' dir='ltr'><strong>qui</strong></span> <span class='ocrx_word' id='word_1_232' title='bbox 1347 2019 1612 2069; x_wconf 81' lang='lat' dir='ltr'><strong>sequuntur,</strong></span> <span class='ocrx_word' id='word_1_233' title='bbox 1624 2022 1704 2055; x_wconf 82' lang='lat' dir='ltr'><strong>nec</strong></span> 
     </span>
     <span class='ocr_line' id='line_1_26' title="bbox 345 2080 1705 2139; baseline -0.01 -2"><span class='ocrx_word' id='word_1_234' title='bbox 345 2094 531 2137; x_wconf 79' lang='lat' dir='ltr'><strong>dextera,</strong></span> <span class='ocrx_word' id='word_1_235' title='bbox 554 2099 632 2128; x_wconf 87' lang='lat' dir='ltr'><strong>nec</strong></span> <span class='ocrx_word' id='word_1_236' title='bbox 655 2082 820 2126; x_wconf 81' lang='lat' dir='ltr'><strong>sinistra</strong></span> <span class='ocrx_word' id='word_1_237' title='bbox 841 2096 863 2124; x_wconf 84' lang='lat' dir='ltr'>a</span> <span class='ocrx_word' id='word_1_238' title='bbox 884 2081 1128 2139; x_wconf 83' lang='lat' dir='ltr'><strong>praescripto</strong></span> <span class='ocrx_word' id='word_1_239' title='bbox 1150 2080 1301 2124; x_wconf 85' lang='lat' dir='ltr'><strong>itinere</strong></span> <span class='ocrx_word' id='word_1_240' title='bbox 1323 2081 1551 2125; x_wconf 84' lang='lat' dir='ltr'><strong>declinant.</strong></span> <span class='ocrx_word' id='word_1_241' title='bbox 1578 2081 1705 2125; x_wconf 88' lang='lat' dir='ltr'><strong>Meri-</strong></span> 
     </span>
     <span class='ocr_line' id='line_1_27' title="bbox 341 2152 1703 2220; baseline -0.007 -15"><span class='ocrx_word' id='word_1_242' title='bbox 341 2173 470 2220; x_wconf 85' lang='lat' dir='ltr'><strong>toque</strong></span> <span class='ocrx_word' id='word_1_243' title='bbox 496 2173 581 2202; x_wconf 85' lang='lat' dir='ltr'><strong>non</strong></span> <span class='ocrx_word' id='word_1_244' title='bbox 604 2154 768 2205; x_wconf 81' lang='lat' dir='ltr'><strong>deficit,</strong></span> <span class='ocrx_word' id='word_1_245' title='bbox 798 2152 869 2210; x_wconf 81' lang='lat' dir='ltr'><strong>qui</strong></span> <span class='ocrx_word' id='word_1_246' title='bbox 891 2152 1190 2211; x_wconf 69' lang='lat' dir='ltr'><strong>imperatorem</strong></span> <span class='ocrx_word' id='word_1_247' title='bbox 1212 2153 1403 2211; x_wconf 82' lang='lat' dir='ltr'><strong>sequitur</strong></span> <span class='ocrx_word' id='word_1_248' title='bbox 1425 2168 1549 2196; x_wconf 89' lang='lat' dir='ltr'><strong>suum</strong></span> <span class='ocrx_word' id='word_1_249' title='bbox 1563 2169 1576 2203; x_wconf 89' lang='lat'>;</span> <span class='ocrx_word' id='word_1_250' title='bbox 1607 2166 1703 2197; x_wconf 87' lang='lat' dir='ltr'><strong>mo-</strong></span> 
     </span>
     <span class='ocr_line' id='line_1_28' title="bbox 341 2222 1697 2282; baseline -0.009 -3"><span class='ocrx_word' id='word_1_251' title='bbox 341 2235 484 2279; x_wconf 82' lang='lat' dir='ltr'><strong>derato</strong></span> <span class='ocrx_word' id='word_1_252' title='bbox 504 2228 617 2272; x_wconf 86' lang='lat' dir='ltr'><strong>enim</strong></span> <span class='ocrx_word' id='word_1_253' title='bbox 641 2225 842 2274; x_wconf 78' lang='lat' dir='ltr'><strong>ambulat,</strong></span> <span class='ocrx_word' id='word_1_254' title='bbox 867 2223 964 2280; x_wconf 84' lang='lat' dir='ltr'><strong>quia</strong></span> <span class='ocrx_word' id='word_1_255' title='bbox 987 2223 1215 2281; x_wconf 75' lang='lat' dir='ltr'><strong>imperator</strong></span> <span class='ocrx_word' id='word_1_256' title='bbox 1236 2239 1323 2266; x_wconf 92' lang='lat' dir='ltr'><strong>non</strong></span> <span class='ocrx_word' id='word_1_257' title='bbox 1343 2225 1459 2282; x_wconf 90' lang='lat' dir='ltr'><strong>quod</strong></span> <span class='ocrx_word' id='word_1_258' title='bbox 1480 2223 1560 2267; x_wconf 85' lang='lat' dir='ltr'><strong>sibi</strong></span> <span class='ocrx_word' id='word_1_259' title='bbox 1578 2222 1697 2276; x_wconf 86' lang='lat' dir='ltr'><strong>utile,</strong></span> 
     </span>
     <span class='ocr_line' id='line_1_29' title="bbox 338 2294 1698 2360; baseline -0.008 -9"><span class='ocrx_word' id='word_1_260' title='bbox 338 2307 413 2351; x_wconf 87' lang='lat' dir='ltr'><strong>scd</strong></span> <span class='ocrx_word' id='word_1_261' title='bbox 442 2301 555 2360; x_wconf 84' lang='lat' dir='ltr'><strong>quod</strong></span> <span class='ocrx_word' id='word_1_262' title='bbox 586 2296 781 2341; x_wconf 87' lang='lat' dir='ltr'><strong>omnibus</strong></span> <span class='ocrx_word' id='word_1_263' title='bbox 809 2294 1008 2353; x_wconf 88' lang='lat' dir='ltr'><strong>possibile</strong></span> <span class='ocrx_word' id='word_1_264' title='bbox 1033 2295 1302 2338; x_wconf 74' lang='lat' dir='ltr'><strong>considerat:</strong></span> <span class='ocrx_word' id='word_1_265' title='bbox 1333 2295 1428 2338; x_wconf 85' lang='lat' dir='ltr'><strong>ideo</strong></span> <span class='ocrx_word' id='word_1_266' title='bbox 1460 2303 1503 2338; x_wconf 85' lang='lat' dir='ltr'><strong>et</strong></span> <span class='ocrx_word' id='word_1_267' title='bbox 1530 2295 1698 2340; x_wconf 77' lang='lat' dir='ltr'><strong>stativas</strong></span> 
     </span>
     <span class='ocr_line' id='line_1_30' title="bbox 339 2365 1693 2424; baseline -0.007 -3"><span class='ocrx_word' id='word_1_268' title='bbox 339 2375 528 2422; x_wconf 83' lang='lat' dir='ltr'><strong>ordinat3</strong></span> <span class='ocrx_word' id='word_1_269' title='bbox 554 2369 693 2412; x_wconf 89' lang='lat' dir='ltr'><strong>triduo</strong></span> <span class='ocrx_word' id='word_1_270' title='bbox 717 2367 905 2409; x_wconf 81' lang='lat' dir='ltr'><strong>ambulat</strong></span> <span class='ocrx_word' id='word_1_271' title='bbox 925 2365 1133 2409; x_wconf 83' lang='lat' dir='ltr'><strong>exercitus</strong></span> <span class='ocrx_word' id='word_1_272' title='bbox 1148 2399 1158 2415; x_wconf 92' lang='lat'><strong>,</strong></span> <span class='ocrx_word' id='word_1_273' title='bbox 1188 2374 1338 2424; x_wconf 85' lang='lat' dir='ltr'><strong>quarto</strong></span> <span class='ocrx_word' id='word_1_274' title='bbox 1361 2366 1595 2424; x_wconf 85' lang='lat' dir='ltr'><strong>requiescit.</strong></span> <span class='ocrx_word' id='word_1_275' title='bbox 1610 2366 1693 2412; x_wconf 81' lang='lat' dir='ltr'><strong>die.</strong></span> 
     </span>
     <span class='ocr_line' id='line_1_31' title="bbox 338 2426 1698 2504; baseline -0.004 -16"><span class='ocrx_word' id='word_1_276' title='bbox 338 2436 561 2504; x_wconf 82' lang='lat' dir='ltr'><strong>&#39;Eliguntur</strong></span> <span class='ocrx_word' id='word_1_277' title='bbox 584 2436 789 2486; x_wconf 78' lang='lat' dir='ltr'><strong>civitates,</strong></span> <span class='ocrx_word' id='word_1_278' title='bbox 826 2433 869 2479; x_wconf 88' lang='lat' dir='ltr'><strong>in</strong></span> <span class='ocrx_word' id='word_1_279' title='bbox 895 2434 1047 2494; x_wconf 87' lang='lat' dir='ltr'><strong>quibus</strong></span> <span class='ocrx_word' id='word_1_280' title='bbox 1076 2436 1264 2479; x_wconf 81' lang='lat' dir='ltr'><strong>triduum</strong></span> <span class='ocrx_word' id='word_1_281' title='bbox 1280 2469 1291 2487; x_wconf 92' lang='lat'>‚</span> <span class='ocrx_word' id='word_1_282' title='bbox 1323 2426 1629 2494; x_wconf 73' lang='lat' dir='ltr'><strong>quatriduum·,¹</strong></span> <span class='ocrx_word' id='word_1_283' title='bbox 1654 2445 1698 2482; x_wconf 83' lang='lat' dir='ltr'><strong>et</strong></span> 
     </span>
     <span class='ocr_line' id='line_1_32' title="bbox 335 2507 1695 2577; baseline -0.006 -17"><span class='ocrx_word' id='word_1_284' title='bbox 335 2518 479 2577; x_wconf 83' lang='lat' dir='ltr'><strong>plures</strong></span> <span class='ocrx_word' id='word_1_285' title='bbox 501 2512 823 2571; x_wconf 83' lang='lat' dir='ltr'><strong>interponantur</strong></span> <span class='ocrx_word' id='word_1_286' title='bbox 846 2507 949 2557; x_wconf 80' lang='lat' dir='ltr'><strong>dies,</strong></span> <span class='ocrx_word' id='word_1_287' title='bbox 978 2507 1011 2549; x_wconf 89' lang='lat' dir='ltr'><strong>si</strong></span> <span class='ocrx_word' id='word_1_288' title='bbox 1039 2507 1155 2564; x_wconf 84' lang='lat' dir='ltr'><strong>aquis</strong></span> <span class='ocrx_word' id='word_1_289' title='bbox 1173 2507 1406 2558; x_wconf 83' lang='lat' dir='ltr'><strong>abundant,</strong></span> <span class='ocrx_word' id='word_1_290' title='bbox 1426 2508 1695 2552; x_wconf 82' lang='lat' dir='ltr'><strong>commerciis</strong></span> 
     </span>
    </p>
   </div>
   <div class='ocr_carea' id='block_1_3' title="bbox 340 2608 1800 2708">
    <p class='ocr_par' dir='ltr' id='par_1_3' title="bbox 340 2608 1800 2708">
     <span class='ocr_line' id='line_1_33' title="bbox 386 2608 1693 2655; baseline -0.004 -5.899"><span class='ocrx_word' id='word_1_291' title='bbox 386 2608 869 2650; x_wconf 72' lang='lat' dir='ltr'><strong>=Hebr.x111,8.¹-¹Ezech·</strong></span> <span class='ocrx_word' id='word_1_292' title='bbox 888 2621 1068 2651; x_wconf 81' lang='lat' dir='ltr'>xxx111,11.</span> <span class='ocrx_word' id='word_1_293' title='bbox 1087 2610 1577 2651; x_wconf 67' lang='lat' dir='ltr'><strong>-—³J0an.x1v‚6.-⁴Psa!.</strong></span> <span class='ocrx_word' id='word_1_294' title='bbox 1597 2618 1693 2655; x_wconf 72' lang='lat' dir='ltr'><strong>emt,</strong></span> 
     </span>
     <span class='ocr_line' id='line_1_34' title="bbox 340 2616 1800 2708; baseline -0.004 -5"><span class='ocrx_word' id='word_1_295' title='bbox 340 2673 390 2707; x_wconf 79' lang='lat'><strong>18.</strong></span> <span class='ocrx_word' id='word_1_296' title='bbox 402 2689 442 2697; x_wconf 91' lang='lat'>-</span> <span class='ocrx_word' id='word_1_297' title='bbox 458 2671 471 2696; x_wconf 64' lang='grc' dir='ltr'><strong>ὅ</strong></span> <span class='ocrx_word' id='word_1_298' title='bbox 488 2668 539 2703; x_wconf 88' lang='lat' dir='ltr'><strong>Id</strong></span> <span class='ocrx_word' id='word_1_299' title='bbox 556 2676 671 2706; x_wconf 76' lang='lat' dir='ltr'><strong>cxvm,</strong></span> <span class='ocrx_word' id='word_1_300' title='bbox 685 2665 737 2697; x_wconf 81' lang='lat'><strong>33.</strong></span> <span class='ocrx_word' id='word_1_301' title='bbox 1798 2616 1800 2708; x_wconf 55' lang='lat'><strong><em>⁴</em></strong></span> 
     </span>
    </p>
   </div>
  </div>
 </body>
</html>
