1800 3236
371 268 427 318 63
608 260 611 262 ,
922 284 953 315 s.
994 281 1188 315 munosu

371 375 528 423 quam:
556 379 573 404 α
599 360 811 410 Sederunt
839 360 1076 421 principos,
1106 369 1149 404 et
1178 360 1401 409 adversum
1430 375 1501 411 me
1529 363 1740 421 delumctar

372 433 521 485 »bant,
541 453 556 474 ι)
570 432 655 477 hoc
675 441 759 484 est,
783 448 853 477 me
882 440 1019 476 stante
1033 465 1044 485 ‚
1076 433 1276 476 sederunt
1296 433 1508 493 principes
1527 434 1545 479 Ρ
1565 433 1621 481 Et
1639 435 1738 493 quia

371 504 648 548 tribunalium
681 504 816 548 fulcro
843 503 1043 547 sublimes
1076 510 1196 547 erant
1216 535 1228 552 ,
1251 503 1484 555 Dominum
1514 520 1601 567 non
1627 496 1739 554 vide-

369 572 484 621 bant.
518 575 733 625 Sedebant
761 590 862 634 ergo
881 608 892 625 ,
923 582 1044 619 erant
1075 573 1118 616 in
1147 573 1309 633 fastigio
1338 575 1629 635 principatus,
1658 590 1739 631 nec

365 647 610 707 Principem
622 645 863 707 principum
881 644 1138 704 cogitabant.
1154 644 1239 690 Sed
1257 660 1410 706 parum
1426 646 1523 691 hoc.
1542 665 1558 690 ι
1574 645 1740 694 Adver-

371 735 470 762 »sus
497 734 590 770 me,
623 717 785 775 inquit,
814 716 1123 763 detrectabant.
1155 734 1171 756 >³
1198 715 1286 777 Ego
1317 731 1467 764 eorum
1494 718 1740 777 redemptor

370 790 622 834 adveneram
637 821 647 839 ,
671 804 748 848 ego
765 802 964 832 veneram
988 796 1035 830 ut
1050 787 1244 839 omnium
1264 795 1439 847 peccata
1460 789 1736 846 mundarem,

371 861 419 904 ut
440 875 738 919 recuperarem
760 858 954 910 amisso&
986 858 1253 904 restituerem
1278 857 1473 921 paradiso
1498 859 1637 908 sancti*
1662 858 1741 905 «Ῑειφ

371 933 452 976 cob
468 931 782 982 haereditatem3
804 949 820 972 »
833 939 876 975 et
897 930 957 974 ini
971 948 986 970 «
1002 930 1216 974 Adversus
1232 945 1302 974 me
1323 929 1631 978 detrectabant.
1658 929 1741 978 »Et

370 991 464 1047 ideo
490 1002 720 1047 imitatores
734 1002 834 1053 mei,
854 1001 1060 1061 Discipuli
1080 1001 1181 1052 mei,
1201 1001 1332 1045 nolite
1347 1001 1548 1061 injuriam
1570 1002 1741 1046 eruhes-

370 1089 467 1118 cere
489 1073 523 1117 si
539 1073 736 1118 steteritis
759 1082 854 1119 ante
876 1073 1089 1134 principes
1106 1088 1183 1132 pro
1204 1072 1379 1119 nomine
1400 1088 1522 1129 mem
1544 1087 1643 1121 cum
1659 1088 1739 1134 ego

371 1145 560 1190 steterim
577 1161 654 1204 pio
676 1154 812 1191 vestra
829 1146 977 1189 salute.

430 1214 583 1259 XLIII.
620 1216 812 1274 Denique
831 1215 1045 1260 traditus'
1034 1231 1078 1259 m
1099 1175 1337 1260 custodiam
1364 1214 1463 1261 Pet1
1466 1230 1513 1262 us
1527 1195 1636 1264 ’cum
1657 1229 1741 1261 cae-

373 1288 472 1331 teris
488 1287 719 1347 Apostolis,
736 1296 779 1331 et
795 1296 962 1347 postera
979 1288 1047 1331 die
1064 1296 1244 1331 statutus
1261 1295 1359 1330 ante
1377 1287 1602 1335 consilium
1621 1302 1741 1331 cons·
1743 1304 1746 1306 ·

372 1364 512 1402 tauter
528 1358 718 1402 dicebat:
734 1376 748 1399 ι
767 1359 982 1417 Principes
1002 1360 1163 1419 populi,
1184 1366 1226 1401 et
1243 1358 1429 1404 seniores
1446 1359 1593 1408 Israel,
1610 1357 1644 1403 si
1664 1371 1740 1406 nos
1783 1365 1792 1371 “

371 1448 388 1472 »
403 1429 528 1473 hodie
553 1429 851 1488 dijudicamur,
872 1430 988 1488 quod
1006 1430 1278 1476 benefactum
1295 1431 1349 1474 sit
1366 1430 1530 1478 homini
1551 1428 1739 1485 infirmo,

371 1519 389 1544 n
403 1499 445 1543 in
467 1515 551 1561 quo
572 1499 650 1543 iste
666 1502 802 1543 salvus
822 1501 958 1545 factus
980 1501 1032 1543 sit
1052 1517 1064 1551 ;
1088 1501 1310 1557 notumsit
1328 1500 1526 1546 omnibus
1542 1499 1680 1550 vobis,
1698 1507 1741 1548 et

371 1589 388 1613 n
402 1571 517 1614 omni
538 1571 653 1630 plebi
668 1570 815 1620 Israe'l,
834 1573 950 1630 quod
971 1572 1014 1615 in
1038 1571 1211 1615 nomine
1231 1571 1336 1615 Jesu
1359 1570 1516 1617 Christi
1537 1568 1742 1622 Nazareui

372 1661 390 1685 n
404 1657 529 1706 quem
560 1657 635 1685 vos
655 1641 947 1694 crucifixistis,
971 1657 1098 1700 quem
1118 1642 1233 1686 Deus
1255 1641 1472 1689 suscitavit
1492 1658 1516 1689 a
1537 1638 1738 1690 mortuis,

371 1730 389 1754 n
403 1711 447 1755 in
459 1712 541 1755 hoc
564 1711 641 1754 iste
669 1720 775 1755 astat
792 1726 935 1756 coram
954 1713 1072 1757 vohis
1098 1712 1248 1767 sanus¹
1266 1746 1278 1763 ‚
1300 1713 1411 1758 »hoc
1428 1721 1492 1757 est
1512 1727 1522 1755 ε
1540 1711 1625 1757 Vos
1641 1710 1741 1763 estis

372 1782 444 1843 qui
464 1782 663 1827 statuistis
686 1792 728 1827 et
752 1783 967 1832 Christum
977 1801 989 1834 ;
1015 1785 1158 1843 gloriae
1184 1787 1281 1832 loco
1306 1785 1501 1828 ducimus
1529 1784 1652 1831 istam
1674 1783 1741 1831 ine

371 1853 543 1918 juriam,
565 1853 663 1912 quia
685 1854 903 1914 arguimur
924 1870 1002 1916 pro
1023 1855 1168 1913 aegroti
1190 1855 1374 1900 hominis
1395 1855 1573 1902 sanitate
1593 1870 1603 1898 ε
1628 1854 1740 1904 hanc

371 1924 663 1975 haereditatem
688 1926 864 1970 servulis
894 1926 1086 1971 Salvator
1110 1926 1300 1973 omnium
1333 1925 1570 1985 dereliquit.
1597 1924 1654 1971 At
1681 1923 1742 1976 ἰὼ

368 1992 643 2039 conferebant
664 1995 772 2039 inter
795 2012 838 2039 se
861 1997 1080 2059 dicentes:
1098 2015 1114 2037 α
1134 1997 1251 2050 Quid
1265 1996 1472 2042 faciemus
1491 1995 1580 2039 istis
1603 1993 1741 2046 homi—

374 2085 391 2110 »
403 2064 527 2110 nibus
544 2065 558 2087 ²
575 2065 593 2110 Ρ
610 2085 626 2107 »
644 2066 697 2115 Et
711 2056 972 2111 dimiserunt
987 2083 1072 2112 eos.
1100 2068 1229 2112 Glori
1222 2069 1371 2112 ibatur
1391 2083 1492 2127 eigo
1508 2067 1681 2117 Petrus,
1697 2073 1742 2117 et

370 2135 659 2196 unusquisque
679 2137 1011 2196 Apostolorum,
1034 2138 1130 2197 quia
1149 2139 1263 2198 digni
1283 2138 1418 2183 habiti
1440 2147 1555 2190 sunt,
1578 2137 1653 2197 qui
1667 2136 1739 2185 in*

369 2207 525 2267 juriam
540 2222 617 2266 pro
636 2207 791 2252 Christi
812 2209 986 2253 nominc
1005 2209 1273 2253 sustinere-nt.
1289 2211 1421 2254 Recte
1437 2225 1537 2270 ergo
1553 2217 1658 2256 tune
1674 2206 1741 2256 di-

371 2287 518 2324 cerent
538 2278 722 2339 singuli.
739 2298 755 2320 α
775 2281 943 2326 Etenim
967 2283 1169 2327 sederunt
1187 2282 1424 2342 principes,
1449 2290 1492 2330 et
1512 2283 1739 2329 adversum

369 2367 468 2398 »me
492 2351 840 2395 detrectabant.»

426 2421 573 2466 XLIV.
611 2421 822 2468 Sederunt
845 2408 1096 2482 principes
1085 2424 1283 2467 adversus
1304 2424 1496 2478 Esaiam,
1520 2431 1564 2466 et
1591 2391 1740 2483 dispu-

373 2502 567 2538 taverunt
587 2502 636 2538 ut
656 2503 899 2538 secaretur.
927 2496 1002 2539 sed
1028 2511 1115 2539 non
1137 2496 1314 2540 timebat
1339 2511 1410 2541 eos
1432 2495 1504 2555 qui
1535 2494 1735 2543 dicebat·

382 2581 400 2604 α
418 2562 624 2608 Audite...
660 2564 873 2624 principes
887 2623 890 2626 .
904 2564 1190 2610 Sodomorum
1206 2565 1236 2611 ⁸.
1265 2585 1281 2609 »
1301 2566 1516 2612 sederunt
1538 2567 1738 2614 adversus

419 2657 430 2683 ¹
448 2655 521 2695 Act.
538 2667 585 2698 iv,
601 2654 693 2693 8-10.
708 2676 748 2684 —
763 2666 777 2683 ²
798 2658 886 2694 lhid.
906 2658 955 2694 16.
970 2677 1010 2686 -
1026 2661 1040 2685 ³
1056 2661 1132 2695 lsai.
1152 2672 1173 2700 ι,
1192 2671 1240 2694 ιο.
