1800 3236
402 332 487 387 432
952 346 984 375 s.
1023 345 1214 377 Animosa

398 441 560 474 massa:
579 426 738 471 Omnes
755 438 831 468 nos
851 422 999 468 fornax
1015 425 1224 484 probabit.
1247 424 1359 484 Ergo
1382 425 1479 484 quia
1495 425 1764 475 examinandi

397 514 566 548 sumus,
593 496 651 540 sic
673 511 749 539 nos
771 510 964 553 agamus;
991 504 1039 538 ut
1060 495 1221 553 judicio
1243 497 1676 555 probari‘mereamur
1697 500 1763 544 di·-

397 571 508 616 vino.
536 569 774 613 Teneamus
795 565 867 609 hic
889 566 1015 625 positi
1032 567 1337 618 humilita>tem;
1355 576 1404 611 ut
1420 583 1519 612 cum
1537 571 1765 630 unusquis-

398 657 480 700 que
502 648 696 684 nostrum
716 637 879 681 venerit
900 638 952 680 ad
973 638 1184 695 judicium
1206 638 1300 688 Dei,
1331 640 1382 682 ad
1403 639 1496 683 illo‘s
1518 640 1635 700 ignes
1655 658 1763 701 quos

397 712 615 759 transituri
631 725 791 759 sumus,
813 709 926 751 dicat
942 724 951 751 :
969 726 984 749 α
1001 709 1106 752 Vide
1122 709 1407 753 humilitatem
1423 726 1579 763 meam,
1599 721 1643 756 et
1662 729 1764 758 erue

398 800 521 834 »me;
539 802 554 823 n
569 797 667 826 nam
688 780 722 823 si
743 780 950 838 superbus
973 779 1124 831 fuerit,
1156 780 1189 823 si
1214 796 1435 840 arrogans,
1460 781 1496 825 si
1516 791 1761 834 contumax,

396 872 482 899 non
513 851 668 913 poterit
696 851 777 894 hoc
802 850 963 894 dicere.
991 851 1124 895 Nemo
1154 860 1296 896 autem
1319 853 1461 896 dicet:
1490 853 1592 898 Vide
1613 869 1764 913 super-

395 927 509 971 biam
528 939 665 968 meam
681 938 690 965 :
710 923 785 966 sed
796 955 807 972 ,
823 939 839 962 α
850 921 954 966 Vide
966 922 1253 968 humilitatem
1264 939 1403 969 meam
1415 942 1428 976 ;
1442 944 1457 967 r
1470 933 1519 969 ut
1529 924 1621 984 ejus
1632 925 1764 984 gratia

397 997 489 1042 erui
507 997 558 1039 ab
576 996 646 1039 illo
665 994 760 1053 igne
777 1001 1003 1037 mereatur.

457 1068 571 1113 XVI.
611 1067 684 1109 Est
708 1081 808 1124 ergo
837 1065 1054 1109 humilitas
1081 1067 1238 1110 laboris
1261 1076 1304 1111 et
1329 1067 1613 1127 fatigationis:
1637 1075 1701 1111 est
1722 1076 1766 1111 et

399 1139 614 1185 humilitas
644 1137 810 1181 virtutis
849 1145 974 1195 atque
1009 1138 1241 1196 propositi,
1272 1154 1399 1197 quam
1431 1138 1474 1182 in
1506 1138 1701 1194 secundis
1722 1147 1767 1183 et

395 1210 625 1272 prosperis,
649 1217 692 1252 et
713 1209 755 1251 in
781 1208 868 1251 otio
888 1209 1050 1267 positus
1073 1217 1189 1252 tenet
1210 1207 1360 1267 justus.
1390 1209 1516 1254 Nullo
1537 1209 1638 1253 licet
1659 1209 1766 1254 frac-

397 1292 465 1327 tus
495 1283 662 1328 labore,
695 1279 851 1322 nullius
882 1279 1123 1322 certaminis
1157 1280 1312 1323 dubius
1344 1288 1524 1330 eventu,
1557 1279 1765 1324 humilem

398 1353 597 1397 omnibus
619 1350 817 1393 affectum
848 1350 1041 1397 exhibet,
1079 1365 1158 1393 nec
1180 1346 1261 1393 sua*
1278 1352 1481 1394 extollere
1501 1351 1669 1393 studet:
1692 1350 1767 1394 sed

397 1424 529 1482 magis
555 1421 747 1465 minuere
774 1420 911 1478 operis
938 1420 1001 1463 sui
1028 1421 1229 1478 pretium,
1253 1430 1297 1465 et
1317 1421 1458 1464 meriti
1480 1421 1545 1465 sui
1567 1421 1759 1479 gratiam.

396 1494 507 1538 Audi
529 1493 690 1553 justum
707 1487 1002 1534 humiliantem
1020 1507 1091 1534 se:
1110 1492 1229 1550 «Ego
1250 1508 1362 1543 sum,
1388 1492 1542 1551 inquit,
1565 1491 1766 1535 minimus

398 1561 767 1625 »Apostolorum¹.
791 1580 806 1602 ι»
821 1562 897 1605 llle
927 1578 998 1606 vas
1032 1563 1253 1606 electionis
1284 1563 1457 1614 divinae,
1482 1563 1552 1606 ille
1573 1563 1766 1622 gentium

397 1639 549 1682 doctor
579 1633 805 1677 minimum
835 1648 925 1676 esse
958 1649 1002 1676 se
1032 1634 1155 1684 dicit,
1182 1634 1403 1693 indignum
1425 1634 1518 1693 ejus
1542 1634 1672 1678 officii
1693 1649 1767 1678 no-

395 1709 539 1757 mine,
572 1706 686 1764 quod
718 1704 803 1747 suis
834 1704 1033 1762 operibus
1064 1705 1317 1763 praeferebat
1328 1722 1340 1755 ;
1369 1705 1561 1763 nihilque
1586 1705 1667 1748 sibi
1697 1720 1766 1748 ar-

395 1787 538 1838 rogat,
570 1779 644 1821 sed
672 1783 811 1820 totum
842 1775 986 1833 gratiae
1010 1775 1089 1819 Dei
1120 1776 1308 1834 deputat.
1343 1776 1436 1820 Hoc
1457 1771 1764 1835 utique'deeet

395 1849 570 1908 justum.
1152 1876 1154 1878 >

380 1951 387 1955 -
451 1919 585 1965 XVII.
622 1917 710 1961 Hac
726 1916 971 1960 humilitate
992 1916 1212 1962 Abraham
1234 1927 1356 1978 pater
1377 1917 1477 1963 fidei
1495 1928 1766 1979 nuncupatus

395 2000 481 2035 est:
502 1989 574 2048 qui
591 2002 690 2030 cum
708 1988 850 2031 divino
868 1989 1196 2048 participaretur
1213 1990 1416 2049 alloquio,
1438 1999 1594 2034 terram
1615 2006 1659 2034 se
1674 2006 1766 2036 esse

383 2061 577 2109 dicebat,
593 2067 637 2102 et
651 2058 837 2102 limum2.
861 2059 954 2117 Ipse
971 2075 1141 2119 quoque
1157 2062 1363 2106 Dominus
1381 2062 1463 2105 ait:
1480 2079 1496 2101 α
1508 2061 1598 2120 Ego
1615 2070 1757 2107 autem

391 2148 516 2177 »sum
545 2129 723 2179 vermiS‚
755 2137 798 2172 et
827 2145 913 2172 non
945 2130 1104 2174 homo:
1137 2133 1414 2191 opprobrium
1437 2133 1682 2183 hominum,
1713 2141 1759 2177 et

388 2224 407 2248 ι
421 2202 603 2263 abjectio
626 2199 799 2259 plebis³,
819 2219 835 2240 ι)
849 2216 946 2244 cum
970 2203 1023 2244 de
1044 2203 1107 2245 sui
1130 2204 1320 2262 corporis
1342 2203 1535 2262 passione
1557 2205 1756 2262 loquere-

390 2286 486 2321 tur:
512 2273 584 2332 qui
614 2286 700 2315 non
731 2286 824 2329 quae
855 2288 936 2315 sua.
957 2282 1055 2317 sunt
1086 2274 1301 2331 quaesivit,
1336 2276 1412 2318 sed
1437 2290 1531 2333 quae
1553 2274 1746 2318 aliorum.

391 2346 523 2404 Cujus
547 2358 623 2386 nos
644 2342 876 2385 imitatores
892 2344 982 2385 vult
1003 2342 1094 2386 fieri
1116 2343 1367 2402 Apostolus,
1400 2354 1526 2404 atque
1555 2345 1754 2399 hortatur

390 2414 702 2462 dicenseffloc
730 2413 845 2463 enim
875 2414 1026 2456 sentite
1059 2413 1102 2457 in
1125 2415 1275 2464 ⁴vobis,
1311 2416 1426 2473 quod
1447 2424 1491 2459 et
1517 2415 1560 2458 in
1579 2414 1750 2459 Christo

384 2489 545 2534 »Jesuz
570 2485 642 2543 qui
661 2499 760 2528 cum
780 2483 822 2526 in
846 2483 979 2527 forma
1001 2484 1079 2527 Dei
1100 2494 1226 2535 esset,
1250 2501 1335 2528 non
1355 2486 1548 2545 rapinam
1572 2485 1749 2530 arbitra-

383 2571 480 2606 »tus
501 2567 565 2603 est
586 2572 676 2600 esse
696 2572 740 2599 se
762 2558 967 2614 aequalem
990 2557 1096 2606 Deo,
1122 2559 1196 2599 sed
1217 2558 1492 2616 semetipsum
1519 2558 1748 2602 exinanivit

379 2634 590 2678 »formam
612 2627 719 2672 servi
738 2626 985 2686 accipiens¹⁴.
1006 2646 1022 2667 ι»
1036 2627 1123 2671 Nec
1145 2643 1221 2671 nos
1245 2629 1372 2688 igitur
1389 2628 1654 2673 nobilitatem
1670 2643 1747 2687 ge·

427 2733 436 2750 ι
459 2735 472 2757 1
490 2723 568 2756 Cor.
586 2731 640 2761 xv,
657 2731 736 2764 9.-
750 2729 762 2744 ·
780 2719 863 2754 Gen.
882 2730 978 2760 xviii,
999 2730 1051 2763 27.
1070 2737 1111 2745 -
1131 2721 1142 2745 ³
1160 2719 1242 2754 Psal.
1261 2731 1330 2764 ur,
1348 2732 1380 2764 7.
1394 2738 1431 2764 τ
1450 2721 1465 2749 ⁴
1484 2718 1602 2764 Philip.
1623 2719 1741 2762 1¹,5-7.
