1800 3236
356 253 436 295 232
816 284 818 287 .
902 265 935 292 s.
974 263 1167 293 AMnnosu

349 346 444 395 nix;
468 340 622 387 utnon
654 344 793 387 solum
820 343 909 401 ipse
936 343 1095 385 alienus
1118 340 1397 388 aestimaretur
1419 361 1440 389 a
1464 338 1714 406 contagione

348 413 511 474 pcccati
528 448 538 463 ,
564 414 843 470 verumetiam
867 413 1124 476 quicumque
1156 415 1454 466 resuscitatur,
1484 418 1712 476 congelatis

340 486 533 544 conjugii
558 485 875 543 cupiditatibus,
896 500 1116 543 resurgere
1138 485 1311 544 frigidus
1333 488 1558 546 videretur.
1587 489 1634 532 In
1652 503 1714 531 re-

348 557 610 607 surrectione
639 556 752 598 enim
784 571 922 613 neque
951 557 1145 606 nubunt,
1172 572 1308 615 neque
1335 561 1709 611 uxoresvducunt,
1741 608 1743 613 ,

348 630 421 670 sed
437 636 560 670 erunt
579 627 688 670 sicut
705 627 854 684 Augeli
874 627 952 669 Dei
970 627 1012 669 in
1034 628 1155 670 coelo.
1176 628 1283 670 Boni
1300 644 1399 687 ergo
1419 638 1533 672 utres
1555 629 1711 688 frigidi,

346 699 431 742 hoc
456 707 539 748 est,
574 699 616 740 in
642 698 837 756 gelicidio
861 698 1079 742 constricti
1109 698 1295 758 pruinis,
1324 715 1410 743 non
1435 700 1622 744 lihidinis
1645 716 1712 745 ca-

345 772 437 832 lore
457 770 646 813 resoluti.
1284 772 1289 776 ’
1622 758 1627 760 i

403 841 518 885 XIV„
558 842 705 884 Utrem
732 835 872 884 autem
905 856 1060 899 corpus
1082 841 1163 885 hoc
1187 842 1294 892 dici,
1319 842 1420 886 licet
1441 858 1492 886 ex
1517 843 1710 902 pluribus

343 913 449 957 locis
464 946 475 963 ,
495 921 638 956 tamen
659 912 787 956 etiam
809 913 907 955 inde
926 907 1110 971 intellige
1124 946 1134 962 ,
1162 905 1276 971 quod
1297 913 1433 957 Adam
1455 923 1498 958 et
1527 915 1711 959 Evauhi

344 984 570 1041 imaginem
592 985 826 1042 deposuere
843 983 1024 1026 coelestis
1038 1016 1049 1033 ,
1084 999 1212 1041 quam
1236 992 1332 1027 ante
1347 984 1596 1043 portabant.-
1610 985 1711 1028 ima-

341 1057 482 1115 ginem
498 1057 656 1099 terreni
675 1043 859 1099 heminis
881 1055 1119 1104 induentes,
1146 1055 1310 1098 tunicas
1328 1056 1430 1099 dicti
1453 1058 1557 1099 sunt
1571 1056 1711 1100 vestiti

342 1127 670 1185 esse'pelliceas¹
687 1144 698 1176 3
714 1126 954 1185 corporales
977 1127 1090 1169 enim
1108 1141 1179 1169 eos
1201 1127 1253 1168 de
1274 1122 1532 1185 spiritalibus
1552 1127 1711 1171 fecerat

341 1199 466 1255 culpa
489 1198 726 1240 commissa.
756 1197 843 1240 Nec
865 1196 971 1239 illud
1005 1197 1236 1239 absurdum
1269 1197 1322 1240 ad
1354 1192 1675 1256 intelligendum
1694 1231 1706 1249 ‚

341 1269 456 1324 quod
484 1268 541 1310 ita
571 1283 615 1310 se
637 1266 929 1325 dicat‘sactum
959 1267 1095 1309 David
1117 1267 1397 1310 sicut-utrem
1421 1268 1463 1310 in
1483 1268 1706 1327 gelicidio;

340 1353 394 1382 eo
422 1337 599 1396 quodvin
625 1338 849 1398 asperitate
869 1338 970 1380 licet
992 1337 1150 1395 positus
1174 1338 1366 1395 glaciali,
1391 1337 1710 1383 mortificaverit

339 1417 482 1452 tamen
505 1424 658 1466 corpus
675 1424 822 1458 suum;
843 1405 899 1451 ne
911 1408 1086 1451 sentiret
1102 1408 1269 1466 hyemis
1290 1408 1402 1451 illius
1420 1409 1706 1468 asperitatem,

340 1493 468 1536 quam
497 1479 690 1522 Salvator
725 1478 827 1521 dicit
860 1493 1029 1536 gravem
1064 1478 1252 1520 futuram
1280 1493 1370 1520 esse
1398 1478 1658 1536 fugientibus
1672 1478 1704 1522 ἐ

338 1549 460 1592 Sicut
475 1550 588 1592 enim
608 1549 782 1607 glaciem
807 1564 893 1591 non
911 1549 1038 1591 sentit
1050 1545 1161 1596 uter,
1182 1549 1278 1605 quia
1300 1548 1420 1607 pellis
1437 1557 1500 1591 est
1517 1548 1709 1592 animalis

336 1620 497 1663 mortui
515 1637 527 1670 3
552 1620 609 1663 ita
627 1628 821 1662 mortuus
843 1627 1021 1678 peccato
1040 1618 1254 1677 Propheta
1278 1618 1406 1676 frigus
1427 1619 1594 1677 peccati
1608 1634 1709 1662 sen·-

335 1690 415 1733 tire
441 1682 526 1732 non
548 1697 716 1748 poterat
739 1706 748 1732 ε
774 1691 838 1732 vel
855 1697 970 1732 certe
993 1690 1109 1747 quod
1129 1704 1216 1731 non
1239 1688 1456 1746 frangatur
1476 1689 1709 1733 necessita-
1739 1748 1741 1750 v

336 1760 471 1814 tibus,
492 1775 571 1802 nec
593 1760 760 1808 resistat
784 1774 883 1803 caro
909 1759 1041 1801 menti
1062 1776 1074 1808 3
1095 1758 1169 1801 scd
1190 1758 1361 1801 mollior
1382 1759 1513 1802 ductu
1527 1792 1539 1810 ‚
1560 1759 1708 1802 animae

338 1845 382 1872 se
400 1830 588 1873 inflectat
606 1830 807 1887 imperiis,
822 1838 864 1872 et
881 1830 923 1872 in
938 1829 1020 1872 hoc
1037 1829 1185 1871 mundi
1205 1827 1398 1887 gelicidio
1415 1844 1500 1871 uon
1518 1837 1704 1873 arescat:

335 1902 401 1944 vel
425 1901 522 1958 quia
540 1916 694 1959 corpus
713 1900 953 1942 afflictionis
972 1914 1135 1950 summ,
1155 1908 1197 1942 ct
1218 1902 1401 1942 mortem
1417 1899 1592 1943 Domini
1605 1899 1708 1942 Jesu

336 1986 506 2029 semper
535 1971 576 2013 in
597 1979 743 2013 nostro
774 1986 954 2028 corpore
981 1970 1259 2013 circumferre
1286 1971 1502 2014 debemus.
1534 1970 1626 2014 Hic
1643 1978 1707 2013 est

331 2050 430 2084 uter
460 2041 532 2099 qui
556 2042 732 2099 castigat
756 2038 911 2099 corpus
933 2057 1080 2091 suum,
1105 2057 1192 2084 non
1214 2050 1261 2084 ut
1288 2042 1359 2084 ille
1391 2042 1644 2085 incrassatus
1663 2050 1707 2084 et

335 2113 488 2155 obesus
504 2113 702 2170 populus,
724 2112 795 2169 qui
815 2113 922 2154 sedit
937 2114 1198 2154 manducare
1214 2120 1256 2154 et
1272 2112 1434 2162 bibere,
1452 2121 1705 2164 etsurrexe-

334 2191 437 2226 ru-nt
459 2184 623 2231 ‚ludere
642 2181 671 2225 ³.
705 2182 784 2225 Hic
813 2191 876 2225 cst
905 2191 1002 2225 uter
1035 2183 1107 2240 qui
1146 2183 1326 2226 inebriat
1360 2199 1446 2226 non
1476 2184 1599 2233 vino,
1630 2184 1705 2226 sed

336 2252 517 2311 spiritu:
542 2253 586 2295 in
616 2268 700 2310 quo
721 2269 807 2295 non
830 2254 983 2312 botryo
1010 2253 1326 2304 amaritudinis,
1357 2269 1442 2297 non
1470 2256 1703 2297 draconum

333 2323 477 2372 furor,
503 2338 588 2365 non
616 2323 734 2366 furor
755 2324 947 2383 aspidum
965 2357 975 2373 ,
1006 2323 1079 2365 sed
1109 2325 1312 2381 poculum
1336 2324 1548 2367 inebrians
1575 2339 1702 2381 quam

329 2392 585 2452 praeclarum
607 2402 670 2436 est
690 2394 700 2436 l
728 2394 777 2435 In
803 2394 885 2437 hoc
909 2409 1009 2452 ergo
1032 2393 1234 2451 gloriatur
1261 2394 1420 2444 David,
1446 2394 1544 2452 quia
1562 2394 1701 2437 factus

332 2473 395 2507 est
417 2464 527 2507 sicut
547 2473 642 2508 uter
662 2465 706 2508 in
736 2465 932 2524 gelicidio
952 2498 962 2516 ,
993 2466 1285 2524 operationem
1307 2466 1472 2525 peccati
1499 2482 1584 2509 non
1610 2481 1700 2510 sen-

334 2534 455 2577 tiens.

378 2634 388 2652 ¹
410 2626 492 2678 Gen.
510 2637 565 2670 ιιι,
582 2639 632 2663 21.
645 2647 686 2662 .-
702 2638 716 2670 ‚⁸
734 2629 856 2669 Matth.
872 2640 963 2672 xxiv,
981 2640 1034 2664 πο.
1058 2645 1097 2659 ω-
1112 2631 1126 2654 3
1141 2629 1245 2665 Exod.
1269 2641 1371 2672 xxxn,
1387 2631 1420 2671 6,
1597 2635 1603 2663 ἒ
