1800 3236
434 309 651 340 mosivo
682 311 727 342 ηε
755 311 946 342 »sanun
975 301 1456 363 cxv111.469

98 387 199 434 satis
213 388 376 434 dietum
398 389 607 433 arbitror·
621 405 738 434 nunc
759 405 1065 450 cognoscamus
1080 406 1135 436 ox
1154 394 1351 446 subditis,
1367 410 1465 454 quae

99 461 162 506 sit
174 460 255 506 viri
271 461 556 506 consummati
577 462 801 506 sententia.

152 531 214 577 V.
242 532 392 590 ltaque
416 531 477 576 sic
502 532 596 577 ait:
610 549 629 572 ι
654 532 979 592 Appropinquet
998 535 1135 578 oratio
1155 550 1251 580 mea
1272 537 1318 581 in
1343 552 1465 582 cons-

100 604 260 663 »p'eotu
271 610 347 647 tuo
359 635 372 653 ‚
392 602 576 647 Domine
594 618 606 646 τ
630 605 869 648 secundum
883 604 1192 650 verbumtnum
1205 606 1312 652 mihi
1324 608 1466 652 tribue

97 673 445 722 »tumbatumfl
471 673 655 718 »volare
675 675 778 719 facit
802 676 1038 719 orationem
1060 678 1171 721 bona
1191 679 1277 722 vita
1294 713 1307 728 .
1321 688 1367 722 et
1388 681 1466 725 dat

96 745 184 789 alas
202 744 404 804 precihus
424 744 655 803 spiritales,
678 746 835 804 quibus
858 756 1103 791 sanctorum
1129 750 1184 792 ad
1205 749 1344 794 Deum
1361 765 1462 794 eve-

95 815 224 860 hamt
240 815 391 860 oratio.
412 813 499 858 sed
516 823 562 859 et
579 816 767 874 spiritus,
785 833 870 876 quo
882 832 1069 869 oramus,
1083 819 1276 864 sublevat
1288 835 1463 879 precem

93 887 226 946 justi:
241 886 427 931 maxime
446 886 482 929 ei
498 888 629 931 corde
649 888 835 931 contrito
846 890 1116 947 compatiens
1130 905 1227 934 eam
1242 905 1461 935 commen·

95 960 168 1022 «iet
188 957 378 1003 affectus.
409 958 702 1002 Consum-uati
725 969 867 1003 autem
888 960 967 1003 viri
988 960 1067 1004 ista
1086 969 1150 1004 est
1182 961 1452 1007 confidentia.

92 1027 287 1087 Denique
307 1029 399 1088 ipse
410 1027 546 1072 David
560 1029 604 1072 in
619 1030 909 1088 superioribus
928 1031 1047 1074 istius
1067 1031 1223 1075 Psalmi
1238 1033 1460 1077 lucernam

93 1101 182 1146 sni·
200 1093 382 1161 pedibus
403 1102 673 1160 requirebam
691 1118 745 1146 ne
764 1103 807 1146 in
833 1103 917 1146 hoc
941 1103 1095 1147 itinere
1113 1112 1284 1148 terreno
1306 1106 1461 1150 ambu-

92 1172 185 1235 lans
200 1179 343 1231 posset
356 1186 512 1215 errare.
527 1171 651 1216 Nunc
662 1181 804 1216 autem
815 1173 935 1231 quasi
950 1173 1092 1231 jamin
1104 1174 1188 1217 fine
1203 1177 1247 1218 et
1258 1191 1461 1234 processu

92 1241 270 1301 positus,
281 1247 577 1287 consummato
588 1243 729 1286 viandi
744 1258 922 1287 munere
933 1277 945 1293 ‚
957 1253 1070 1288 totus
1086 1246 1276 1304 assurgit.
1289 1246 1344 1289 Et
1359 1262 1460 1290 ora-

93 1312 255 1356 tionem
269 1327 390 1356 suam
411 1312 553 1372 dirigit
569 1313 613 1356 in
629 1314 841 1357 eoelestia:
857 1314 987 1357 mittit
997 1329 1092 1357 eam
1113 1315 1158 1358 in
1178 1324 1459 1375 conspectum

90 1382 264 1427 Domini
289 1383 517 1427 Salvatoris
530 1416 543 1432 ,
560 1384 666 1426 dans
687 1383 747 1426 illi
764 1382 898 1426 flabra
922 1383 1118 1440 justitiae,
1140 1385 1356 1442 sapientia
1377 1386 1460 1430 ssa—

90 1453 209 1496 mina
224 1485 238 1503 ,
257 1452 431 1511 remigia
446 1445 681 1496 devotionis
695 1460 740 1495 et
754 1450 877 1502 fidei,
891 1453 1154 1496 ·innocentiae
1174 1454 1458 1514 puritatisque

0 1519 20 1527 ⁶
93 1523 306 1573 subsidi„
329 1532 504 1582 peceato
517 1523 632 1566 enim
650 1523 858 1582 gravescit
871 1524 1008 1566 oratio
1020 1557 1033 1574 ,
1048 1532 1093 1566 et
1111 1526 1237 1583 longe
1246 1525 1293 1568 fit
1310 1527 1452 1570 a'Deo.

91 1594 228 1639 Tanto
245 1602 385 1637 autem
406 1595 501 1652 plus
520 1602 735 1652 gravatur,
757 1601 915 1651 quanto
939 1594 1261 1651 improbabilior
1285 1604 1351 1638 est
1369 1596 1456 1639 vita

91 1663 370 1724 deprecantis.
396 1664 693 1707 Innocentium
713 1672 855 1706 autem
880 1663 1069 1706 ascendit
1083 1665 1219 1707 oratio
1232 1698 1245 1714 ,
1267 1674 1312 1708 et
1327 1666 1457 1724 gemi-

0 1747 9 1756 ·’
88 1742 161 1777 «ωε
181 1733 478 1792 compatientis
492 1732 670 1776 affectus
682 1765 696 1781 ‚
720 1733 755 1775 si
774 1732 1021 1790 AEgyptium
1040 1734 1178 1776 lutum
1193 1735 1363 1777 oderint
1376 1767 1389 1784 ,
1411 1744 1456 1779 et

93 1803 260 1862 operari
290 1812 458 1847 terrena
486 1803 714 1846 declinent.
752 1803 946 1860 Denique
970 1803 1031 1845 sic
1051 1803 1203 1862 legisti,
1234 1806 1350 1862 quod
1367 1805 1457 1849 He·-

91 1872 305 1917 broeorum
328 1873 411 1931 qui.
432 1872 539 1915 dura
564 1872 861 1930 AEgyptiorum
883 1872 1061 1932 imperia
1084 1873 1196 1916 ferre
1225 1889 1311 1916 non
1330 1883 1456 1932 pote-

93 1942 217 1987 ra‘nt'
238 1960 252 1993 ς
269 1951 314 1987 et
333 1950 383 1985 ut
400 1943 539 2001 gravia
553 1974 566 1993 ,
588 1943 647 1985 ita
668 1951 715 1986 et
732 1943 940 1985 lutulenta
962 1958 1090 2001 opera
1111 1943 1282 2002 indigna
1299 1945 1364 1987 sui
1383 1960 1457 1988 no-

86 2013 258 2057 bilitate
275 2013 443 2072 generis
466 2013 742 2062 recusabant,
763 2013 943 2070 gemitus
969 2022 1013 2056 et
1036 2028 1118 2056 vox
1140 2015 1379 2058 ascenderit
1402 2016 1457 2058 ad

30 2077 36 2080 ⁴
92 2084 326 2129 Dominum
345 2084 485 2137 Deum
506 2091 714 2126 nostrum.
734 2083 939 2126 Ascendit
947 2084 1062 2127 enim
1078 2084 1240 2134 oratiog
1256 2085 1356 2142 quia
1374 2085 1454 2128 etsi

94 2154 399 2216 operabantur,
410 2162 556 2197 tamen
563 2153 852 2213 operabantur
861 2153 994 2196 inviti.
1009 2153 1456 2211 Descendebatitaquo

97 2225 151 2268 acl
164 2225 258 2267 illos
275 2224 355 2267 Dei
369 2224 683 2274 misericordiam
709 2223 808 2281 quia
828 2224 999 2267 illorum
1014 2223 1070 2266 ad
1088 2222 1228 2266 Deum
1254 2224 1454 2267 ascendo-

96 2294 171 2338 hat
191 2293 373 2337 devotio.

156 2363 226 2407 Vl.
263 2364 532 2407 Ascendebat
566 2363 709 2421 itaque
739 2378 826 2406 non
856 2359 1131 2420 corporaliter
1137 2379 1150 2412 ;
1173 2377 1312 2419 neque
1339 2362 1456 2405 enim

14 2443 15 2446 ’
96 2433 309 2492 Propheta
325 2442 468 2476 tantus
482 2434 771 2492 precationem
787 2447 907 2476 suam
927 2433 1098 2492 petebat
1116 2433 1207 2476 Deo
1223 2433 1458 2490 corporali·-

99 2513 167 2548 ter
195 2503 566 2562 appropinquare:
592 2518 691 2546 nam
721 2503 794 2561 qui
823 2503 880 2546 ita
904 2511 1049 2561 putat,
1079 2503 1225 2559 utique
1250 2502 1285 2544 is
1316 2502 1455 2545 Deum

101 2581 218 2633 certo
238 2573 282 2616 in
303 2573 444 2631 aliquo
463 2574 560 2616 loco
576 2587 625 2616 ac
641 2574 741 2616 sede
761 2573 1001 2623 concludit,
1027 2580 1076 2617 ut
1097 2571 1358 2618 diffusiorem
1386 2571 1455 2615 lo-

149 2676 159 2692 ·
176 2665 260 2702 Psnl.
279 2641 375 2709 «νηί,
395 2666 467 2710 ι69.
490 2684 533 2693 --
558 2675 575 2707 ξ
599 2665 704 2700 Exod.
718 2675 760 2707 ιι,
778 2665 834 2700 23.
