1800 3236
417 307 499 360 334
967 324 1002 355 s.
1039 323 1235 358 aunnosu

412 403 542 453 coelo,
577 413 704 463 quam
734 400 914 460 Spiritus
945 413 1115 448 sanctus
1139 403 1323 452 infudit:
1350 403 1437 454 sive
1457 403 1554 462 quia
1577 402 1663 452 avis
1685 403 1782 454 eoeli

413 473 574 522 factus,
605 489 691 517 nou
721 471 850 516 debes
879 473 921 516 in
950 482 1108 518 terram
1141 474 1292 518 redire'
1311 476 1364 519 de
1395 475 1518 519 coelo.
1555 473 1782 522 Inhoelum

413 559 514 602 ergo
545 557 720 603 peccas,
752 542 785 585 si
815 543 910 589 coeli
939 544 1077 591 incola
1109 547 1264 591 coelum
1294 545 1520 603 relinquas.
1555 544 1783 598 Diversitas

414 614 543 676 igitur
558 622 620 657 est
636 629 797 658 eorum.
818 613 899 662 Alii
913 624 1160 675 peccatores
1179 615 1290 666 coeli,
1311 615 1379 661 alii
1394 623 1641 679 peccatores
1658 623 1784 668 terrm

418 692 528 728 sunt.

473 754 658 800 XXXV.
707 773 722 798 (ι
733 755 780 798 In
791 755 1025 806 matutinis,
1040 756 1192 816 inquit2
1209 755 1516 811 interficiebam
1527 772 1675 807 omnes
1687 771 1783 816 pec-

414 845 432 869 »
446 834 608 871 catores
622 825 780 870 terrac¹.
796 845 812 867 n
828 827 1055 881 Quomodo
1071 842 1180 871 unus
1194 842 1341 874 omnes
1358 826 1598 876 interficere
1614 835 1781 888 poterat

417 906 662 959 peccatores
675 896 823 939 terraei’
838 896 922 940 Sed
938 897 971 940 si
986 897 1227 941 consideres
1239 897 1417 956 justum,
1430 898 1502 958 qui
1515 912 1598 948 nox
1608 912 1782 959 praeces-

407 969 484 1030 sit,
512 969 600 1011 dies
623 967 974 1027 appropinquavit
983 985 995 1018 ς
1021 977 1140 1028 potes
1162 968 1304 1014 videre
1322 970 1537 1031 quomodo
1561 968 1778 1018 exoriente

417 1038 495 1083 tibi
513 1037 609 1080 Sole
626 1037 815 1095 justitiae,
836 1039 887 1081 dc
905 1040 1002 1083 luce
1016 1037 1191 1103 vigilans
1204 1037 1433 1085 interficias
1444 1039 1630 1085 fomenta
1642 1037 1783 1086 omnia

417 1109 683 1156 delictorum.
723 1109 890 1153 Utinam
922 1110 1027 1155 mihi
1062 1110 1216 1169 aspiret
1245 1111 1335 1156 haec
1366 1111 1532 1170 gratia:
1565 1118 1614 1160 ut
1645 1110 1784 1171 gladio

419 1180 612 1241 spiritali,
631 1180 703 1238 qui
719 1189 783 1223 est
796 1181 975 1224 verbum
990 1180 1084 1231 Dei,
1105 1182 1156 1224 ab
1172 1180 1360 1225 Ecclesia
1383 1181 1552 1227 Domini
1572 1180 1784 1236 incentiva

419 1251 612 1294 universa
642 1250 798 1309 possim
822 1251 991 1294 abolere
1012 1251 1210 1295 vitiorum
1225 1283 1236 1301 ‚
1261 1259 1304 1297 et
1326 1260 1493 1298 terrena
1516 1250 1682 1306 auferre
1707 1252 1785 1303 do-

419 1321 535 1370 licta,
560 1320 713 1380 quibus
731 1321 772 1364 in
789 1321 954 1365 foveam
974 1323 1202 1380 quamdam
1219 1321 1374 1366 lubrici
1391 1322 1708 1382 praecipitamur
1722 1337 1785 1369 er-

420 1393 553 1442 roris;
587 1400 635 1434 ut
665 1392 717 1435 do
749 1392 916 1435 civitate
940 1393 1016 1435 Dei
1045 1394 1281 1451 expellatur
1311 1393 1540 1452 iniquitatis
1569 1401 1778 1456 operator,

411 1462 573 1526 *Civitas
593 1462 671 1506 Dei
691 1463 880 1508 Ecclesia
895 1471 958 1506 est
978 1479 988 1506 τ
1012 1463 1200 1506 Ecclesia
1229 1478 1383 1528 corpus
1406 1473 1469 1509 est
1493 1463 1664 1514 Christi.
1685 1465 1786 1515 Pec-

417 1544 486 1578 cat
508 1535 550 1578 in
572 1535 752 1584 coelum,
788 1533 859 1592 qui
892 1533 1074 1577 coelestis
1101 1532 1280 1577 civitatis
1309 1533 1404 1592 jura
1426 1534 1710 1584 contaminat,
1742 1542 1786 1582 et

416 1605 675 1650 immaculati
697 1605 885 1665 corporis
907 1605 1034 1648 violat
1057 1605 1325 1650 sanctitatem
1346 1600 1523 1653 suorum
1544 1605 1786 1656 colluvione

419 1679 650 1724 vitiorum:
1211 1720 1213 1722 .
1461 1695 1464 1697 ’

478 1747 682 1794 XXXVI.
717 1747 772 1789 Et
786 1745 881 1789 vide
898 1761 952 1788 ne
969 1745 1077 1789 sorte
1093 1746 1176 1789 sint
1192 1745 1264 1804 qui
1281 1745 1377 1790 coeli
1392 1754 1435 1790 et
1453 1755 1576 1792 terrae
1591 1754 1786 1808 peccato*

419 1837 486 1865 res
505 1820 600 1863 sint.
627 1818 733 1863 Nam
748 1817 894 1875 utique
913 1816 1049 1860 Adam
1067 1831 1165 1859 cum
1187 1817 1228 1862 in
1246 1817 1442 1875 paradiso
1458 1826 1585 1868 essct.
1603 1817 1785 1866 eoelestis

419 1898 534 1935 erat:
563 1897 658 1949 post
675 1890 840 1947 lapsum
863 1895 1006 1931 autem
1032 1895 1226 1930 terrenus
1252 1895 1317 1931 est
1344 1887 1498 1939 factus,
1522 1896 1566 1932 et
1587 1889 1640 1935 de
1661 1903 1784 1952 paraq—

417 1961 507 2006 diso
528 1961 724 2019 expulsus
744 1966 808 2001 est
829 1966 872 2000 et
897 1957 1075 2016 ejectus.
1103 1957 1222 2001 Unde
1249 1966 1291 2001 et
1312 1957 1541 2017 Apostolus
1561 1959 1642 2006 ait:
1658 1976 1675 1999 α
1691 1957 1786 2009 Ριξξ-

416 2046 540 2073 »mus
568 2030 696 2072 homo
729 2030 781 2072 de
812 2036 920 2071 terra
953 2036 1167 2081 terrenus,
1201 2028 1415 2072 secundus
1439 2028 1570 2076 homo
1596 2030 1650 2074 de
1676 2029 1784 2087 coelo

423 2120 440 2143 a)
455 2099 674 2145 coelestis².
692 2117 708 2139 n
722 2098 962 2157 Abjiciatur
978 2113 1078 2158 ergo
1102 2115 1122 2141 a
1146 2098 1268 2141 nobis
1290 2098 1428 2158 imago
1450 2098 1626 2150 terreni,
1650 2098 1786 2149 susci-

415 2173 555 2233 piatur
575 2171 712 2229 imago
729 2164 932 2219 coelestis‚
955 2185 1039 2213 non
1061 2169 1158 2211 fuco
1180 2185 1400 2228 expressa,
1431 2184 1517 2215 non
1540 2168 1676 2222 ceris,
1698 2183 1785 2219 non

420 2243 633 2288 coloribus
657 2241 919 2290 adumbrata,
948 2241 1022 2284 sed
1042 2239 1250 2290 moribus,
1271 2239 1313 2283 iu
1331 2255 1413 2298 qua
1432 2238 1629 2289 Christus
1645 2254 1694 2295 ρο
1708 2253 1785 2299 ag-

421 2324 581 2362 noscat.
1201 2363 1204 2365 Β

481 2385 702 2432 XXXVII.
743 2394 765 2423 ἀ
784 2382 957 2442 Confige
974 2381 1100 2426 clavis
1118 2397 1139 2424 a
1158 2381 1311 2424 timore
1334 2389 1408 2424 tuo
1431 2396 1580 2426 carnes
1601 2376 1742 2435 meas:
1761 2397 1784 2432 a

421 2458 618 2520 »judiciis
639 2457 751 2500 enim
774 2456 856 2499 tuis
874 2453 1037 2498 timui⁸.
1059 2473 1075 2494 ι)
1091 2453 1175 2508 Qui
1193 2453 1509 2513 diligitDomini
1525 2453 1782 2512 testimonia,

421 2529 596 2588 configit
626 2528 753 2571 clavis
784 2542 931 2570 carnes
960 2540 1075 2575 suaS‚
1110 2524 1245 2568 sciens
1268 2523 1366 2582 quia
1387 2533 1507 2568 vetus
1530 2524 1659 2575 homo
1682 2538 1782 2572 suun

417 2615 517 2645 cum
541 2598 708 2643 Christo
730 2596 920 2642 confixus
946 2594 1067 2639 cruci
1096 2594 1310 2638 luxuriam
1333 2594 1524 2638 destruat
1544 2593 1706 2645 carnis3
1728 2609 1781 2638 ne

464 2693 480 2718 ’ἱ
499 2693 580 2728 Psal.
601 2703 631 2732 c,
652 2691 683 2725 8.
703 2709 742 2720 --
758 2702 771 2719 ο
788 2702 800 2725 ι
816 2691 896 2725 Cor.
914 2700 970 2731 xv,
986 2688 1042 2733 47.
1069 2705 1111 2714 —
1130 2687 1145 2712 ³
1171 2686 1255 2722 Psal.
1282 2697 1401 2733 cxvm,
1423 2697 1495 2722 iao.
