1800 3236
363 368 420 421 84
906 376 938 406 S.
978 369 1171 406 Aunnosn

359 463 474 507 inter
487 458 624 520 spinas
639 455 814 508 eminet,
831 455 888 500 ita
899 470 1027 514 super
1039 468 1186 498 omnes
1198 459 1434 497 conventus
1442 447 1633 496 Ecclesia
1641 440 1722 495 Dei

358 532 548 590 refulgffet

419 603 528 648 VIII.
569 601 713 646 Refert
737 599 866 643 etiam
889 597 1157 642 considerare
1181 562 1296 654 quod
1319 594 1402 640 hoe
1422 592 1561 640 lilium
1581 594 1724 653 splen-

358 679 462 721 dore
485 674 789 718 circumfusum
816 671 889 721 sit;
923 670 1037 713 intus
1060 677 1202 712 autem
1224 670 1339 727 quod
1365 668 1517 717 habet,
1542 667 1725 710 rubeum

358 746 427 795 sit,
450 744 551 788 boni
573 752 616 786 et
638 744 776 801 ipsum
799 741 940 785 odoris
953 757 965 791 3
989 756 1040 784 eo
1061 741 1178 798 quod
1201 754 1298 782 caro
1318 738 1476 782 Christi
1496 738 1612 782 velut
1627 726 1729 780 m'n-3

357 816 434 861 rali
455 814 693 859 Divinitatis
716 812 969 858 claritudine
995 811 1301 869 circumsepta,
1327 808 1509 853 coelestis
1529 806 1728 852 habuerit

355 887 669 948 protectionem
691 885 847 944 gratiae.
874 883 1067 941 Denique
1091 882 1133 925 in
1159 881 1464 941 posterioribus
1485 880 1543 924 ait
1563 895 1605 923 :u
1621 879 1728 923 Fra-

357 967 534 1002 »ternus
564 973 684 1000 meus
714 955 920 998 candidus
951 962 993 997 et
1019 952 1224 996 rubeus&
1246 971 1263 994 »
1292 951 1507 996 Candidus
1537 950 1730 994 claritate

359 1031 522 1075 divina-2
542 1030 699 1072 rubeus
715 1027 854 1086 spec-ie
867 1026 1021 1070 coloris
1033 1024 1227 1074 humani,
1244 1039 1374 1082 quem
1387 1019 1658 1067 sacramento
1672 1022 1732 1065 in-

357 1099 612 1145 carnationis
624 1097 859 1156 assumpsit.
880 1096 1114 1154 Meritoque
1124 1104 1166 1138 et
1176 1096 1315 1154 ipsum
1327 1097 1443 1153 quod
1453 1102 1517 1138 est
1528 1094 1738 1143 rubeum,‘

356 1173 469 1218 bene
484 1171 592 1220 olet;
612 1169 710 1228 quia
727 1184 825 1212 caro
846 1167 1002 1211 Christi
1019 1167 1109 1210 sine
1125 1175 1302 1226 peccato
1319 1174 1403 1217 est,
1430 1180 1559 1223 quam
1578 1162 1741 1223 perfidi

360 1249 691 1291 contrectantes,
715 1254 864 1282 manus
882 1254 977 1281 suas
995 1238 1349 1296 inquinaverunt.
1375 1235 1510 1280 sancti
1526 1249 1738 1313 veneran-

360 1323 447 1363 tes,
465 1311 632 1372 pietatis
650 1311 780 1354 odore
797 1310 1043 1368 flagrarunt.

421 1382 498 1426 IX.
526 1381 704 1440 Accepit
723 1381 838 1424 hune
855 1381 1031 1423 odorem
1048 1378 1256 1422 Dominus
1268 1377 1395 1421 Jesus
1411 1376 1635 1436 fragrantis
1651 1376 1744 1419 Ec·

365 1454 502 1498 clesiae
518 1469 620 1503 suae,
640 1461 682 1495 et
700 1452 786 1495 ait:
804 1469 819 1491 α
836 1452 948 1494 Ecce
967 1450 1160 1510 proxima
1181 1465 1274 1493 mea
1295 1450 1421 1494 bona.
1444 1468 1461 1491 n
1474 1449 1526 1492 Et
1542 1447 1742 1493 Ecclesia·

308 1584 312 1587 q
365 1524 468 1567 dicit
490 1525 542 1567 ad
563 1523 807 1567 Christum:
825 1540 842 1562 α
857 1522 970 1566 Eece
995 1523 1134 1565 bonus
1155 1521 1367 1564 fraternus
1390 1527 1511 1563 m'eus
1531 1534 1542 1562 ε
1567 1512 1750 1570 oeceses,

366 1595 605 1639 »bonus....
633 1602 837 1651 tanquam
858 1594 1015 1645 malum
1041 1592 1084 1634 in
1104 1591 1228 1650 lignis
1251 1589 1419 1649 sylvae2.
1445 1609 1462 1631 »
1484 1586 1746 1648 Huiusmodi

366 1681 542 1724 pomum
571 1667 747 1707 odoram
777 1663 954 1722 gratiam
983 1664 1136 1712 habet;
1170 1671 1216 1704 ut
1237 1671 1490 1705 caeterorum
1510 1657 1744 1720 «pomorumf

366 1735 644 1794 fragrantiam
665 1734 819 1776 vincat.
846 1733 1039 1776 Christus
1063 1747 1163 1790 ergo
1187 1733 1333 1775 affixus
1356 1734 1406 1775 ad
1428 1732 1609 1790 lignum,
1633 1731 1744 1774 sicut

369 1807 531 1857 malum
546 1805 739 1863 pendens
762 1804 805 1846 in
828 1804 998 1853 arbore,
1017 1804 1179 1846 honum
1203 1805 1380 1846 odorem
1399 1805 1627 1853 mundanae
1642 1801 1744 1844 sun·-

372 1875 500 1919 debat
518 1873 821 1932 redemptionis
834 1890 845 1922 3
866 1873 965 1931 quia
985 1873 1150 1931 peccati
1172 1873 1311 1932 gravis
1333 1873 1508 1917 detersit
1529 1872 1740 1921 sectorem,

371 1955 416 2000 et
439 1953 707 2003 unguentum
728 1952 852 2003 potus
877 1944 1014 1987 vitalis
1036 1943 1199 1996 effudit.
1220 1945 1465 2002 qTanquam
1487 1946 1664 1993 malum,
1683 1940 1745 1990 in-

372 2037 390 2060 »
405 2018 511 2075 quit,
530 2016 573 2059 in
588 2015 711 2075 lignis
731 2016 874 2073 sylvae,
894 2015 951 2057 ita
967 2014 1247 2058 consobrinus
1264 2031 1386 2059 meus
1407 2015 1451 2058 in
1472 2014 1617 2058 medio
1631 2013 1746 2056 filio-

376 2087 522 2132 »rum3
544 2105 555 2138 ;
577 2107 592 2128 »
613 2103 664 2130 eo
695 2088 810 2145 quod
840 2101 968 2144 super
996 2086 1228 2144 Prophetas
1259 2095 1302 2130 et
1336 2087 1562 2145 Apostolos
1597 2085 1746 2129 intima

379 2160 509 2203 corda
543 2157 766 2201 hominum
788 2156 1017 2200 verborum
1048 2156 1253 2200 suavitate
1282 2158 1514 2200 mulcebat.
1545 2156 1632 2199 Sed
1659 2169 1747 2198 non

380 2224 518 2274 s'olum
548 2230 679 2278 odor,
714 2227 994 2271 verumetiam
1017 2226 1137 2270 cibus
1164 2227 1302 2270 suavis
1324 2227 1367 2270 in
1387 2228 1500 2271 malo
1520 2235 1598 2270 est.
1634 2225 1747 2284 Ergo

380 2298 503 2345 cibus
522 2299 659 2342 suavis
675 2306 739 2341 est
756 2297 961 2342 Christus.
1396 2340 1398 2343 ,
1623 2335 1627 2338 .

439 2369 495 2414 Χ.
526 2370 607 2412 «In
637 2369 812 2419 umbra,
843 2369 1003 2426 inquit,
1025 2367 1116 2427 ejus
1146 2368 1394 2427 concupivi,
1423 2377 1467 2412 et
1488 2367 1748 2413 sedita-Le—

382 2456 478 2500 gem
507 2440 620 2483 enim
661 2448 909 2498 acceperat,
940 2439 1052 2482 hanc
1081 2440 1363 2497 sequebatur,
1399 2439 1512 2483 hanc
1549 2441 1750 2485 currebat

381 2511 506 2555 viam.
526 2510 576 2552 In
585 2509 697 2568 Lege
715 2509 855 2566 itaque
872 2509 1162 2566 requiescens,
1175 2510 1217 2552 in
1229 2511 1381 2553 umbra
1398 2510 1554 2554 Christi
1565 2510 1751 2569 requies-

384 2582 521 2626 cehat.
544 2581 662 2623 Bona
683 2581 834 2623 umbra
850 2613 862 2631 ‚
885 2597 976 2638 quae
997 2592 1074 2623 nos
1093 2582 1143 2623 ab
1162 2582 1392 2640 iniquitatis
1417 2584 1558 2626 calore
1572 2584 1753 2627 solade-

384 2652 531 2697 fendit.
552 2651 631 2695 Cui
642 2658 786 2695 autem
801 2651 992 2703 dubium,
1006 2653 1121 2710 quod
1134 2652 1222 2698 Lex
1231 2653 1308 2696 Dei
1327 2654 1476 2698 umbra
1493 2654 1548 2698 sit
1564 2653 1752 2698 Christi?

433 2755 442 2771 ι
463 2745 562 2779 Cant.
584 2755 618 2787 v,
640 2755 690 2780 ιο.
706 2764 746 2772 -
766 2756 779 2772 ³
795 2745 849 2780 Id.
867 2756 892 2787 1,
912 2745 963 2787 14,
983 2747 1034 2779 15.
1048 2764 1088 2773 -·
1105 2746 1222 2782 ³1bid.
1244 2766 1284 2775 ·-
1299 2750 1315 2793 ξ
1330 2748 1382 2784 ld.
1399 2758 1440 2790 ιι,
1454 2748 1532 2792 4-7.
