1800 3236
397 287 482 339 934
836 301 839 305 “
947 298 980 327 s.
1020 297 1211 328 Amnnosn

392 380 521 429 Miht,
552 378 710 437 inquit,
734 378 944 437 judicium
965 380 1018 421 de
1039 379 1565 436 persequentibusfacies,
1588 382 1677 424 non
1705 383 1758 425 de

393 466 463 495 me
494 450 842 509 persequentibus
873 449 1081 507 judicium
1108 448 1251 500 dabis3
1287 451 1487 508 quoniam
1509 443 1760 494 nonresur-

394 527 501 582 gunt
528 521 649 580 impii
676 521 720 564 in
737 521 918 579 judicio.
946 520 1032 564 Sed
1050 520 1170 568 mihi.
1195 520 1348 579 inquit,
1374 523 1426 564 da
1446 521 1684 580 judicium:
1713 526 1762 567 ut

393 609 493 639 cum
516 606 763 636 remuneras
784 591 1094 641 innocentiam,
1119 588 1249 634 fidem
1276 592 1496 650 provehis,
1519 586 1762 636 misericor-

396 665 510 709 diam
532 675 726 712 coronas,
751 661 870 720 impii
890 662 1182 739 persecutores
1197 662 1446 707 meritorum
1463 663 1646 724 praemits
1666 668 1764 724 'pre-

397 735 666 796 pheticorum
690 727 948 792 judicentur.

456 806 591 853 XVII.
628 805 722 850 Non
740 804 971 848 absurdum
988 804 1116 847 etiam
1131 804 1250 855 illud,
1272 813 1319 848 ut
1334 806 1434 864 quia
1450 807 1600 852 breves
1614 807 1706 851 'dies
1723 799 1767 851 et

399 878 525 939 pauci
547 885 646 922 sunt
665 877 785 920 istius
806 876 916 926 vitae,
939 890 1027 919 non
1050 875 1208 919 diutius
1225 877 1405 935 gratiam
1421 883 1542 922 suam
1555 879 1766 923 D'dr'ni‘nus

399 951 514 994 eirca
530 949 784 1008 Prophetam
807 963 931 991 suum
955 946 1147 990 differat:
1170 949 1244 990 sed
1267 946 1344 1006 ipsi
1365 948 1576 1006 judicium
1600 950 1653 993 'de
1669 955 1767 1009 per-

400 1020 676 1079 sequentibus
697 1019 836 1063 saciat.
866 1019 971 1063 Nam
993 1018 1063 1061 hic
1085 1031 1257 1077 quoque
1278 1019 1485 1077 judicium
1510 1018 1574 1064 est
1596 1022 1649 1064 de
1667 1035 1769 1080 per-

402 1092 693 1140 secutoribus;
720 1090 927 1148 siqnidem
948 1089 1020 1148 qui
1044 1105 1129 1132 non
1153 1091 1289 1133 credit
1312 1091 1353 1133 in
1376 1091 1569 1141 Christo,
1591 1091 1678 1149 jath
1698 1087 1770 1149 ῘιιΔ

402 1165 567 1208 dicatus
586 1171 662 1206 est.
689 1161 908 1204 Judicium
932 1169 1073 1214 autem
1095 1161 1177 1204 hoc
1200 1170 1284 1210 est,
1318 1164 1434 1219 quod
1457 1163 1572 1206 dedit
1595 1162 1770 1206 servulis

401 1236 487 1279 suis
500 1233 708 1277 Dominus
726 1233 849 1292 «lesus
866 1230 1036 1274 dicens:
1054 1250 1069 1270 ιι
1081 1232 1301 1275 Habebitis
1313 1238 1566 1291 potestatem
1579 1227 1772 1276 calcandi

399 1324 415 1346 ιι
429 1320 555 1363 super
572 1311 802 1362 serpentes,
821 1310 864 1344 et
881 1302 1141 1360 scorpiones,
1161 1311 1204 1344 et
1226 1318 1354 1361 super
1374 1319 1546 1346 omnem
1568 1294 1773 1347 &irtiite‘m

400 1374 629 1418 sinimicst
646 1392 662 1414 ιι
674 1369 728 1416 Et
743 1388 890 1415 verum
906 1372 1132 1430 judicium,
1155 1373 1195 1415 in
1211 1384 1294 1430 quo
1315 1382 1538 1431 torquetur
1554 1373 1770 1423 inimicus,

401 1446 510 1489 sicut
527 1446 615 1504 ipse
632 1443 847 1535 confessus
863 1452 927 1490 est
947 1443 1118 1486 dicens:
1136 1460 1151 1483 α
1169 1444 1356 1497 Quid....
1378 1443 1531 1488 venisti
1548 1452 1647 1487 ante
1663 1440 1771 1487 temss

405 1536 422 1558 ιι
435 1532 513 1576 pus
530 1520 729 1573 torquere
741 1513 841 1557 nos²
847 1532 892 1557 ,ιι

463 1587 748 1636 XV111.1100
766 1601 866 1644 ergo
884 1583 1073 1643 deposcit
1094 1583 1298 1628 virtutum
1322 1581 1549 1628 stabilitate
1570 1584 1771 1628 fundatus

402 1659 629 1717 Propheta,
648 1666 695 1700 ut
712 1657 963 1714 subjiciatur
979 1656 1059 1699 sibi
1080 1672 1165 1699 non
1182 1657 1329 1705 homo,
1350 1657 1426 1699 sed
1442 1648 1512 1699 ille
1531 1656 1604 1716 qni
1627 1657 1772 1699 locum

405 1731 485 1774 sibi
507 1731 548 1773 in
570 1729 744 1772 homine
764 1728 1004 1771 vindicavit.
1035 1729 1155 1771 Unde
1175 1736 1217 1771 et
1235 1727 1462 1786 Apostolus
1479 1728 1618 1787 ipsum
1636 1727 1770 1785 tnagis

402 1803 444 1846 in
468 1801 650 1846 hominis
672 1809 847 1860 peccato
870 1800 1032 1859 putavit
1054 1816 1145 1842 esse
1167 1801 1473 1849 damnandum,
1504 1800 1643 1858 ipsum
1666 1798 1774 1842 sub-

406 1873 662 1932 jiciendum,
687 1873 739 1915 de
762 1886 845 1928 quo
869 1871 951 1913 ait:
978 1888 993 1910 ι
1014 1870 1217 1912 Conterat
1239 1870 1351 1912 Deus
1375 1869 1572 1913 Satanam
1596 1869 1673 1912 sub
1698 1873 1775 1927 pess·

406 1944 561 1987 »dibus
582 1943 730 1986 vestris
751 1941 875 1985 cito³.
899 1941 990 1985 »Ex
1021 1942 1103 1984 hoc
1133 1956 1234 2000 ergo
1260 1950 1534 2000 persecutore
1564 1939 1777 1999 judicium

409 2016 488 2059 'sibi
516 2014 605 2057 fieri
639 2012 763 2072 gestit
778 2030 790 2062 3
819 2021 866 2056 ut
888 2012 986 2055 fidei
1009 2013 1269 2090 propheticae
1297 2012 1481 2070 vestigiis
1514 2011 1776 2055 adversarius

406 2093 665 2133 conteratur,
686 2093 730 2126 et
751 2083 1014 2126 comminuat
1032 2083 1132 2125 euni
1154 2084 1232 2125 sub
1254 2083 1432 2141 pedibus
1453 2082 1538 2124 suls
1559 2081 1780 2139 Propheta

407 2157 516 2199 sicut
531 2158 776 2215 pulverem.
801 2164 844 2198 et
869 2155 910 2197 in
932 2155 1012 2197 hac
1035 2154 1225 2212 corporis
1247 2154 1311 2196 sui
1329 2153 1476 2202 mihtin
1499 2152 1776 2202 constitutus,

411 2227 603 2284 quamvis
634 2226 722 2268 dies
748 2226 842 2269 vitae
863 2226 1015 2268 breves
1037 2225 1438 2282 sint;triun1phum
1463 2232 1606 2267 tamen
1627 2225 1680 2267 de
1703 2223 1781 2266 ad'-

411 2298 594 2342 versario
628 2297 900 2356 adipiscatur,
936 2311 1022 2353 quo
1056 2294 1272 2338 reforinati
1306 2294 1514 2338 hominis
1522 2295 1565 2337 in
1592 2301 1780 2337 veterem

412 2370 606 2461 gratiam,
626 2382 785 2426 quem
775 2376 871 2410 ante
888 2366 1140 2409 delictorum
1157 2366 1334 2446 vinculis
1353 2366 1525 2408 tenebat
1542 2365 1780 2446 astrictum,

412 2518 668 2570 potestatem
685 2509 852 2552 sentiat
874 2508 1102 2565 Subjectus
1121 2517 1183 2551 est
1204 2508 1332 2566 igitur
1349 2507 1611 2550 adversarius
1633 2509 1782 2550 secuti

411 2584 513 2626 dum
533 2581 704 2624 Domini
728 2580 998 2623 sententiam.
1033 2580 1202 2623 Etenim
1230 2579 1437 2622 Dominus
1465 2579 1588 2623 Jesus
1610 2579 1782 2632 veniens

462 2684 472 2700 ¹
494 2675 574 2708 Luc.
599 2686 631 2715 x,
654 2686 703 2718 ¹9·
718 2693 758 2700 -
777 2683 789 2698 ¹
807 2674 928 2708 Matth.
951 2684 1024 2715 vm,
1045 2684 1101 2717 29.
1120 2692 1161 2699 —
1180 2675 1194 2698 3
1214 2674 1310 2707 Rom.
1329 2684 1399 2715 xvn,
1418 2670 1472 2708 ἑο.
1500 2674 1501 2677 ’
