<?xml version="1.0" encoding="UTF-8"?>
<!DOCTYPE html PUBLIC "-//W3C//DTD XHTML 1.0 Transitional//EN"
    "http://www.w3.org/TR/xhtml1/DTD/xhtml1-transitional.dtd">
<html xmlns="http://www.w3.org/1999/xhtml" xml:lang="en" lang="en">
 <head>
  <title>
</title>
<meta http-equiv="Content-Type" content="text/html;charset=utf-8" />
  <meta name='ocr-system' content='tesseract 3.04.00' />
  <meta name='ocr-capabilities' content='ocr_page ocr_carea ocr_par ocr_line ocrx_word'/>
</head>
<body>
  <div class='ocr_page' id='page_1' title='image "./omniaequaeextant04ambruoft_0190.png"; bbox 0 0 1800 3236; ppageno 0'>
   <div class='ocr_carea' id='block_1_1' title="bbox 349 253 1157 296">
    <p class='ocr_par' dir='ltr' id='par_1_1' title="bbox 349 253 1157 296">
     <span class='ocr_line' id='line_1_1' title="bbox 349 253 1157 296; baseline 0 -8"><span class='ocrx_word' id='word_1_1' title='bbox 349 253 431 296; x_wconf 77' lang='lat'><strong>180</strong></span> <span class='ocrx_word' id='word_1_2' title='bbox 896 263 929 291; x_wconf 85' lang='lat' dir='ltr'><strong>s.</strong></span> <span class='ocrx_word' id='word_1_3' title='bbox 967 259 1157 291; x_wconf 72' lang='lat' dir='ltr'><strong>Amnnosn</strong></span> 
     </span>
    </p>
   </div>
   <div class='ocr_carea' id='block_1_2' title="bbox 342 334 1759 2021">
    <p class='ocr_par' dir='ltr' id='par_1_2' title="bbox 342 334 1759 2021">
     <span class='ocr_line' id='line_1_2' title="bbox 344 334 1708 394; baseline -0.007 -8"><span class='ocrx_word' id='word_1_4' title='bbox 344 343 456 386; x_wconf 85' lang='lat' dir='ltr'><strong>enim</strong></span> <span class='ocrx_word' id='word_1_5' title='bbox 476 343 542 385; x_wconf 84' lang='lat' dir='ltr'><strong>illa</strong></span> <span class='ocrx_word' id='word_1_6' title='bbox 567 339 704 384; x_wconf 79' lang='lat' dir='ltr'><strong>carnis</strong></span> <span class='ocrx_word' id='word_1_7' title='bbox 722 340 940 383; x_wconf 83' lang='lat' dir='ltr'><strong>involucro</strong></span> <span class='ocrx_word' id='word_1_8' title='bbox 961 339 1211 386; x_wconf 77' lang='lat' dir='ltr'><strong>vestiuntur,</strong></span> <span class='ocrx_word' id='word_1_9' title='bbox 1233 335 1273 378; x_wconf 89' lang='lat' dir='ltr'><strong>in</strong></span> <span class='ocrx_word' id='word_1_10' title='bbox 1298 350 1379 394; x_wconf 90' lang='lat' dir='ltr'><strong>qua</strong></span> <span class='ocrx_word' id='word_1_11' title='bbox 1399 343 1463 379; x_wconf 85' lang='lat' dir='ltr'><strong>cst</strong></span> <span class='ocrx_word' id='word_1_12' title='bbox 1478 334 1708 394; x_wconf 80' lang='lat' dir='ltr'><strong>frequentis</strong></span> 
     </span>
     <span class='ocr_line' id='line_1_3' title="bbox 342 407 1711 469; baseline -0.004 -12"><span class='ocrx_word' id='word_1_13' title='bbox 342 415 499 457; x_wconf 85' lang='lat' dir='ltr'><strong>erroris</strong></span> <span class='ocrx_word' id='word_1_14' title='bbox 522 413 733 456; x_wconf 80' lang='lat' dir='ltr'>illecebra.</span> <span class='ocrx_word' id='word_1_15' title='bbox 766 411 951 469; x_wconf 78' lang='lat' dir='ltr'><strong>Ideoque</strong></span> <span class='ocrx_word' id='word_1_16' title='bbox 983 412 1025 454; x_wconf 86' lang='lat' dir='ltr'><strong>iu</strong></span> <span class='ocrx_word' id='word_1_17' title='bbox 1057 408 1346 468; x_wconf 87' lang='lat' dir='ltr'><strong>superioribus</strong></span> <span class='ocrx_word' id='word_1_18' title='bbox 1378 408 1435 451; x_wconf 85' lang='lat' dir='ltr'><strong>ait</strong></span> <span class='ocrx_word' id='word_1_19' title='bbox 1465 408 1579 451; x_wconf 89' lang='lat' dir='ltr'><strong>idem</strong></span> <span class='ocrx_word' id='word_1_20' title='bbox 1610 407 1711 452; x_wconf 88' lang='lat' dir='ltr'><strong>Pro-</strong></span> 
     </span>
     <span class='ocr_line' id='line_1_4' title="bbox 342 478 1759 546; baseline -0.006 -17"><span class='ocrx_word' id='word_1_21' title='bbox 342 480 494 546; x_wconf 77' lang='lat' dir='ltr'><strong>pheta,</strong></span> <span class='ocrx_word' id='word_1_22' title='bbox 520 484 617 543; x_wconf 85' lang='lat' dir='ltr'><strong>quia</strong></span> <span class='ocrx_word' id='word_1_23' title='bbox 646 502 662 523; x_wconf 85' lang='lat'>«</span> <span class='ocrx_word' id='word_1_24' title='bbox 693 482 857 526; x_wconf 86' lang='lat' dir='ltr'><strong>Coelum</strong></span> <span class='ocrx_word' id='word_1_25' title='bbox 884 481 979 524; x_wconf 79' lang='lat' dir='ltr'><strong>coeli</strong></span> <span class='ocrx_word' id='word_1_26' title='bbox 1001 481 1205 531; x_wconf 87' lang='lat' dir='ltr'><strong>Domino,</strong></span> <span class='ocrx_word' id='word_1_27' title='bbox 1237 488 1394 524; x_wconf 85' lang='lat' dir='ltr'><strong>terram</strong></span> <span class='ocrx_word' id='word_1_28' title='bbox 1425 487 1568 523; x_wconf 76' lang='lat' dir='ltr'><strong>autem</strong></span> <span class='ocrx_word' id='word_1_29' title='bbox 1595 478 1711 522; x_wconf 83' lang='lat' dir='ltr'><strong>dedit</strong></span> <span class='ocrx_word' id='word_1_30' title='bbox 1749 504 1759 512; x_wconf 76' lang='lat'><em>›</em></span> 
     </span>
     <span class='ocr_line' id='line_1_5' title="bbox 347 550 1711 610; baseline -0.004 -12"><span class='ocrx_word' id='word_1_31' title='bbox 347 556 472 599; x_wconf 83' lang='lat' dir='ltr'><strong>»filiis</strong></span> <span class='ocrx_word' id='word_1_32' title='bbox 494 553 759 599; x_wconf 69' lang='lat' dir='ltr'><strong>hominum&#39;.</strong></span> <span class='ocrx_word' id='word_1_33' title='bbox 785 573 800 594; x_wconf 88' lang='lat'>»</span> <span class='ocrx_word' id='word_1_34' title='bbox 832 554 953 597; x_wconf 83' lang='lat' dir='ltr'><strong>Unde</strong></span> <span class='ocrx_word' id='word_1_35' title='bbox 976 561 1019 595; x_wconf 83' lang='lat' dir='ltr'><strong>et</strong></span> <span class='ocrx_word' id='word_1_36' title='bbox 1046 553 1200 595; x_wconf 89' lang='lat' dir='ltr'><strong>coelum</strong></span> <span class='ocrx_word' id='word_1_37' title='bbox 1238 551 1384 610; x_wconf 89' lang='lat' dir='ltr'><strong>purius</strong></span> <span class='ocrx_word' id='word_1_38' title='bbox 1405 559 1449 594; x_wconf 85' lang='lat' dir='ltr'><strong>et</strong></span> <span class='ocrx_word' id='word_1_39' title='bbox 1471 550 1711 594; x_wconf 78' lang='lat' dir='ltr'><strong>defaecatius</strong></span> 
     </span>
     <span class='ocr_line' id='line_1_6' title="bbox 349 616 1712 682; baseline -0.004 -13"><span class='ocrx_word' id='word_1_40' title='bbox 349 627 400 670; x_wconf 83' lang='lat' dir='ltr'><strong>ab</strong></span> <span class='ocrx_word' id='word_1_41' title='bbox 425 625 541 668; x_wconf 88' lang='lat' dir='ltr'><strong>omni</strong></span> <span class='ocrx_word' id='word_1_42' title='bbox 570 625 666 667; x_wconf 86' lang='lat' dir='ltr'><strong>labe</strong></span> <span class='ocrx_word' id='word_1_43' title='bbox 701 616 865 682; x_wconf 84' lang='lat' dir='ltr'><strong>peccati</strong></span> <span class='ocrx_word' id='word_1_44' title='bbox 894 631 980 672; x_wconf 85' lang='lat' dir='ltr'><strong>est,</strong></span> <span class='ocrx_word' id='word_1_45' title='bbox 1014 623 1226 680; x_wconf 85' lang='lat' dir='ltr'><strong>longeque</strong></span> <span class='ocrx_word' id='word_1_46' title='bbox 1252 622 1453 665; x_wconf 87' lang='lat' dir='ltr'><strong>semotius</strong></span> <span class='ocrx_word' id='word_1_47' title='bbox 1487 621 1538 664; x_wconf 87' lang='lat' dir='ltr'><strong>ab</strong></span> <span class='ocrx_word' id='word_1_48' title='bbox 1566 621 1637 664; x_wconf 92' lang='lat' dir='ltr'><strong>illo</strong></span> <span class='ocrx_word' id='word_1_49' title='bbox 1659 621 1712 665; x_wconf 87' lang='lat' dir='ltr'><strong>de</strong></span> 
     </span>
     <span class='ocr_line' id='line_1_7' title="bbox 348 691 1713 754; baseline -0.004 -16"><span class='ocrx_word' id='word_1_50' title='bbox 348 711 433 754; x_wconf 87' lang='lat' dir='ltr'><strong>quo</strong></span> <span class='ocrx_word' id='word_1_51' title='bbox 456 695 661 753; x_wconf 82' lang='lat' dir='ltr'><strong>scriptum</strong></span> <span class='ocrx_word' id='word_1_52' title='bbox 686 702 750 737; x_wconf 84' lang='lat' dir='ltr'><strong>est</strong></span> <span class='ocrx_word' id='word_1_53' title='bbox 770 709 779 736; x_wconf 78' lang='grc' dir='ltr'><strong><em>ε</em></strong></span> <span class='ocrx_word' id='word_1_54' title='bbox 808 712 823 733; x_wconf 84' lang='lat'>«</span> <span class='ocrx_word' id='word_1_55' title='bbox 843 692 962 736; x_wconf 82' lang='lat' dir='ltr'>Sicut</span> <span class='ocrx_word' id='word_1_56' title='bbox 985 692 1168 736; x_wconf 79' lang='lat' dir='ltr'><strong>volatilia</strong></span> <span class='ocrx_word' id='word_1_57' title='bbox 1191 691 1327 735; x_wconf 81' lang='lat' dir='ltr'><strong>coeli2.</strong></span> <span class='ocrx_word' id='word_1_58' title='bbox 1351 710 1367 732; x_wconf 87' lang='lat'>»</span> <span class='ocrx_word' id='word_1_59' title='bbox 1387 692 1480 735; x_wconf 84' lang='lat' dir='ltr'><strong>Hoc</strong></span> <span class='ocrx_word' id='word_1_60' title='bbox 1495 691 1610 735; x_wconf 90' lang='lat' dir='ltr'><strong>enim</strong></span> <span class='ocrx_word' id='word_1_61' title='bbox 1631 705 1713 733; x_wconf 88' lang='lat' dir='ltr'><strong>coe-</strong></span> 
     </span>
     <span class='ocr_line' id='line_1_8' title="bbox 347 761 1714 822; baseline -0.002 -14"><span class='ocrx_word' id='word_1_62' title='bbox 347 767 436 812; x_wconf 83' lang='lat' dir='ltr'><strong>lum</strong></span> <span class='ocrx_word' id='word_1_63' title='bbox 461 767 578 808; x_wconf 84' lang='lat' dir='ltr'><strong>velut</strong></span> <span class='ocrx_word' id='word_1_64' title='bbox 603 764 768 808; x_wconf 87' lang='lat' dir='ltr'><strong>medius</strong></span> <span class='ocrx_word' id='word_1_65' title='bbox 796 763 969 822; x_wconf 79' lang='lat' dir='ltr'><strong>quidam</strong></span> <span class='ocrx_word' id='word_1_66' title='bbox 1000 764 1111 806; x_wconf 89' lang='lat' dir='ltr'><strong>inter</strong></span> <span class='ocrx_word' id='word_1_67' title='bbox 1141 763 1297 806; x_wconf 85' lang='lat' dir='ltr'><strong>eoelum</strong></span> <span class='ocrx_word' id='word_1_68' title='bbox 1326 771 1369 806; x_wconf 84' lang='lat' dir='ltr'><strong>et</strong></span> <span class='ocrx_word' id='word_1_69' title='bbox 1394 771 1550 806; x_wconf 84' lang='lat' dir='ltr'><strong>terram</strong></span> <span class='ocrx_word' id='word_1_70' title='bbox 1578 761 1714 806; x_wconf 84' lang='lat' dir='ltr'><strong>a‘e&#39;rius</strong></span> 
     </span>
     <span class='ocr_line' id='line_1_9' title="bbox 347 832 1716 893; baseline -0.004 -13"><span class='ocrx_word' id='word_1_71' title='bbox 347 839 467 883; x_wconf 82' lang='lat' dir='ltr'><strong>locus</strong></span> <span class='ocrx_word' id='word_1_72' title='bbox 490 832 660 886; x_wconf 83' lang='lat' dir='ltr'><strong>dicitur,</strong></span> <span class='ocrx_word' id='word_1_73' title='bbox 681 835 729 878; x_wconf 84' lang='lat' dir='ltr'><strong>in</strong></span> <span class='ocrx_word' id='word_1_74' title='bbox 746 851 830 893; x_wconf 87' lang='lat' dir='ltr'><strong>quo</strong></span> <span class='ocrx_word' id='word_1_75' title='bbox 852 844 950 878; x_wconf 86' lang='lat' dir='ltr'><strong>sunt</strong></span> <span class='ocrx_word' id='word_1_76' title='bbox 967 835 1094 878; x_wconf 83' lang='lat' dir='ltr'><strong>ctiam</strong></span> <span class='ocrx_word' id='word_1_77' title='bbox 1116 834 1323 893; x_wconf 84' lang='lat' dir='ltr'><strong>spiritales</strong></span> <span class='ocrx_word' id='word_1_78' title='bbox 1345 833 1542 892; x_wconf 84' lang='lat' dir='ltr'><strong>nequitiae</strong></span> <span class='ocrx_word' id='word_1_79' title='bbox 1569 833 1612 876; x_wconf 90' lang='lat' dir='ltr'><strong>in</strong></span> <span class='ocrx_word' id='word_1_80' title='bbox 1633 848 1716 876; x_wconf 88' lang='lat' dir='ltr'><strong>coe-</strong></span> 
     </span>
     <span class='ocr_line' id='line_1_10' title="bbox 347 904 1711 964; baseline -0.003 -14"><span class='ocrx_word' id='word_1_81' title='bbox 347 907 536 950; x_wconf 86' lang='lat' dir='ltr'><strong>lcstihus.</strong></span> <span class='ocrx_word' id='word_1_82' title='bbox 573 906 681 950; x_wconf 86' lang='lat' dir='ltr'><strong>Nam</strong></span> <span class='ocrx_word' id='word_1_83' title='bbox 713 905 755 948; x_wconf 92' lang='lat' dir='ltr'><strong>in</strong></span> <span class='ocrx_word' id='word_1_84' title='bbox 787 905 858 948; x_wconf 92' lang='lat' dir='ltr'><strong>illo</strong></span> <span class='ocrx_word' id='word_1_85' title='bbox 889 921 973 948; x_wconf 91' lang='lat' dir='ltr'><strong>non</strong></span> <span class='ocrx_word' id='word_1_86' title='bbox 1014 904 1288 964; x_wconf 81' lang='lat' dir='ltr'><strong>appellativo,</strong></span> <span class='ocrx_word' id='word_1_87' title='bbox 1330 906 1405 948; x_wconf 86' lang='lat' dir='ltr'><strong>sed</strong></span> <span class='ocrx_word' id='word_1_88' title='bbox 1446 919 1548 948; x_wconf 86' lang='lat' dir='ltr'><strong>vero.</strong></span> <span class='ocrx_word' id='word_1_89' title='bbox 1582 904 1711 954; x_wconf 74' lang='lat' dir='ltr'><strong>offilo,</strong></span> 
     </span>
     <span class='ocr_line' id='line_1_11' title="bbox 348 974 1715 1034; baseline -0.002 -15"><span class='ocrx_word' id='word_1_90' title='bbox 348 976 512 1020; x_wconf 76' lang='lat' dir='ltr'><strong>etiamsi</strong></span> <span class='ocrx_word' id='word_1_91' title='bbox 535 976 754 1018; x_wconf 84' lang='lat' dir='ltr'><strong>diabolum</strong></span> <span class='ocrx_word' id='word_1_92' title='bbox 784 976 1010 1033; x_wconf 80' lang='lat' dir='ltr'><strong>legerimus</strong></span> <span class='ocrx_word' id='word_1_93' title='bbox 1033 975 1076 1018; x_wconf 91' lang='lat' dir='ltr'><strong>in</strong></span> <span class='ocrx_word' id='word_1_94' title='bbox 1100 975 1430 1034; x_wconf 69' lang='lat' dir='ltr'><strong>conspectuDei</strong></span> <span class='ocrx_word' id='word_1_95' title='bbox 1454 974 1715 1034; x_wconf 83' lang='lat' dir='ltr'><strong>Angelorum</strong></span> 
     </span>
     <span class='ocr_line' id='line_1_12' title="bbox 348 1038 1718 1106; baseline -0.001 -17"><span class='ocrx_word' id='word_1_96' title='bbox 348 1062 436 1090; x_wconf 88' lang='lat' dir='ltr'><strong>non</strong></span> <span class='ocrx_word' id='word_1_97' title='bbox 468 1038 652 1088; x_wconf 81' lang='lat' dir='ltr'><strong>defuisse</strong></span> <span class='ocrx_word' id='word_1_98' title='bbox 687 1047 893 1095; x_wconf 81' lang='lat' dir='ltr'><strong>concili03</strong></span> <span class='ocrx_word' id='word_1_99' title='bbox 924 1054 1027 1104; x_wconf 87' lang='lat' dir='ltr'><strong>puto</strong></span> <span class='ocrx_word' id='word_1_100' title='bbox 1056 1055 1196 1089; x_wconf 83' lang='lat' dir='ltr'><strong>tamen</strong></span> <span class='ocrx_word' id='word_1_101' title='bbox 1233 1047 1348 1106; x_wconf 84' lang='lat' dir='ltr'><strong>nulla</strong></span> <span class='ocrx_word' id='word_1_102' title='bbox 1383 1045 1549 1104; x_wconf 88' lang='lat' dir='ltr'><strong>operari</strong></span> <span class='ocrx_word' id='word_1_103' title='bbox 1583 1052 1718 1088; x_wconf 82' lang='lat' dir='ltr'><strong>tenta-</strong></span> 
     </span>
     <span class='ocr_line' id='line_1_13' title="bbox 348 1116 1718 1176; baseline 0.001 -17"><span class='ocrx_word' id='word_1_104' title='bbox 348 1125 492 1160; x_wconf 86' lang='lat' dir='ltr'><strong>menta</strong></span> <span class='ocrx_word' id='word_1_105' title='bbox 506 1116 715 1174; x_wconf 86' lang='lat' dir='ltr'><strong>nequitiae.</strong></span> <span class='ocrx_word' id='word_1_106' title='bbox 742 1117 936 1175; x_wconf 77' lang='lat' dir='ltr'><strong>Denique</strong></span> <span class='ocrx_word' id='word_1_107' title='bbox 960 1116 1166 1176; x_wconf 89' lang='lat' dir='ltr'><strong>scriptum</strong></span> <span class='ocrx_word' id='word_1_108' title='bbox 1183 1125 1247 1160; x_wconf 86' lang='lat' dir='ltr'><strong>est</strong></span> <span class='ocrx_word' id='word_1_109' title='bbox 1260 1116 1356 1175; x_wconf 84' lang='lat' dir='ltr'><strong>quia</strong></span> <span class='ocrx_word' id='word_1_110' title='bbox 1378 1116 1529 1175; x_wconf 85' lang='lat' dir='ltr'><strong>Angeli</strong></span> <span class='ocrx_word' id='word_1_111' title='bbox 1550 1131 1718 1160; x_wconf 81' lang='lat' dir='ltr'><strong>amave—</strong></span> 
     </span>
     <span class='ocr_line' id='line_1_14' title="bbox 351 1187 1719 1247; baseline 0.001 -17"><span class='ocrx_word' id='word_1_112' title='bbox 351 1196 452 1231; x_wconf 86' lang='lat' dir='ltr'><strong>runt</strong></span> <span class='ocrx_word' id='word_1_113' title='bbox 467 1187 574 1230; x_wconf 88' lang='lat' dir='ltr'><strong>filias</strong></span> <span class='ocrx_word' id='word_1_114' title='bbox 595 1187 841 1230; x_wconf 83' lang='lat' dir='ltr'><strong>hominum³</strong></span> <span class='ocrx_word' id='word_1_115' title='bbox 861 1205 872 1238; x_wconf 86' lang='lat'>3</span> <span class='ocrx_word' id='word_1_116' title='bbox 898 1203 947 1231; x_wconf 91' lang='lat' dir='ltr'><strong>eo</strong></span> <span class='ocrx_word' id='word_1_117' title='bbox 976 1189 1092 1246; x_wconf 85' lang='lat' dir='ltr'><strong>quod</strong></span> <span class='ocrx_word' id='word_1_118' title='bbox 1114 1189 1290 1231; x_wconf 85' lang='lat' dir='ltr'><strong>terrenis</strong></span> <span class='ocrx_word' id='word_1_119' title='bbox 1319 1188 1431 1247; x_wconf 83' lang='lat' dir='ltr'><strong>capti</strong></span> <span class='ocrx_word' id='word_1_120' title='bbox 1449 1188 1719 1232; x_wconf 82' lang='lat' dir='ltr'><strong>detineantur</strong></span> 
     </span>
     <span class='ocr_line' id='line_1_15' title="bbox 351 1257 1718 1318; baseline 0.001 -16"><span class='ocrx_word' id='word_1_121' title='bbox 351 1257 562 1302; x_wconf 81' lang='lat' dir='ltr'><strong>illecebris</strong></span> <span class='ocrx_word' id='word_1_122' title='bbox 579 1258 776 1317; x_wconf 88' lang='lat' dir='ltr'><strong>princeps</strong></span> <span class='ocrx_word' id='word_1_123' title='bbox 794 1258 943 1301; x_wconf 87' lang='lat' dir='ltr'><strong>mundi</strong></span> <span class='ocrx_word' id='word_1_124' title='bbox 961 1258 1081 1301; x_wconf 81' lang='lat' dir='ltr'><strong>istius</strong></span> <span class='ocrx_word' id='word_1_125' title='bbox 1099 1274 1147 1302; x_wconf 87' lang='lat' dir='ltr'><strong>ac</strong></span> <span class='ocrx_word' id='word_1_126' title='bbox 1164 1259 1345 1302; x_wconf 87' lang='lat' dir='ltr'><strong>ministri</strong></span> <span class='ocrx_word' id='word_1_127' title='bbox 1361 1258 1476 1318; x_wconf 85' lang='lat' dir='ltr'><strong>ejus,</strong></span> <span class='ocrx_word' id='word_1_128' title='bbox 1499 1259 1542 1302; x_wconf 91' lang='lat' dir='ltr'><strong>in</strong></span> <span class='ocrx_word' id='word_1_129' title='bbox 1564 1260 1718 1318; x_wconf 84' lang='lat' dir='ltr'><strong>quibus</strong></span> 
     </span>
     <span class='ocr_line' id='line_1_16' title="bbox 351 1327 1715 1389; baseline 0.004 -19"><span class='ocrx_word' id='word_1_130' title='bbox 351 1327 538 1386; x_wconf 87' lang='lat' dir='ltr'><strong>nequitia</strong></span> <span class='ocrx_word' id='word_1_131' title='bbox 557 1327 752 1387; x_wconf 84' lang='lat' dir='ltr'><strong>spiritalis</strong></span> <span class='ocrx_word' id='word_1_132' title='bbox 769 1329 941 1372; x_wconf 81' lang='lat' dir='ltr'><strong>venenis</strong></span> <span class='ocrx_word' id='word_1_133' title='bbox 963 1329 1219 1387; x_wconf 86' lang='lat' dir='ltr'><strong>quibusdam</strong></span> <span class='ocrx_word' id='word_1_134' title='bbox 1241 1330 1377 1373; x_wconf 86' lang='lat' dir='ltr'><strong>carnis</strong></span> <span class='ocrx_word' id='word_1_135' title='bbox 1393 1330 1521 1389; x_wconf 88' lang='lat' dir='ltr'><strong>hujus</strong></span> <span class='ocrx_word' id='word_1_136' title='bbox 1537 1331 1715 1382; x_wconf 79' lang='lat' dir='ltr'><strong>imbuta,</strong></span> 
     </span>
     <span class='ocr_line' id='line_1_17' title="bbox 351 1399 1720 1460; baseline 0.005 -19"><span class='ocrx_word' id='word_1_137' title='bbox 351 1408 395 1442; x_wconf 85' lang='lat' dir='ltr'><strong>ct</strong></span> <span class='ocrx_word' id='word_1_138' title='bbox 423 1399 620 1444; x_wconf 83' lang='lat' dir='ltr'><strong>humanis</strong></span> <span class='ocrx_word' id='word_1_139' title='bbox 655 1408 718 1446; x_wconf 76' lang='lat' dir='ltr'><strong>est</strong></span> <span class='ocrx_word' id='word_1_140' title='bbox 751 1399 906 1443; x_wconf 77' lang='lat' dir='ltr'><strong>insecta</strong></span> <span class='ocrx_word' id='word_1_141' title='bbox 940 1401 1201 1445; x_wconf 79' lang='lat' dir='ltr'><strong>criminibus.</strong></span> <span class='ocrx_word' id='word_1_142' title='bbox 1235 1402 1420 1460; x_wconf 77' lang='lat' dir='ltr'><strong>Ideoque</strong></span> <span class='ocrx_word' id='word_1_143' title='bbox 1444 1403 1651 1447; x_wconf 87' lang='lat' dir='ltr'><strong>Dominus</strong></span> <span class='ocrx_word' id='word_1_144' title='bbox 1676 1405 1720 1448; x_wconf 83' lang='lat' dir='ltr'><strong>in</strong></span> 
     </span>
     <span class='ocr_line' id='line_1_18' title="bbox 352 1469 1721 1528; baseline 0.005 -17"><span class='ocrx_word' id='word_1_145' title='bbox 352 1469 582 1528; x_wconf 80' lang='lat' dir='ltr'><strong>Evangelio</strong></span> <span class='ocrx_word' id='word_1_146' title='bbox 613 1485 689 1512; x_wconf 89' lang='lat' dir='ltr'><strong>suo</strong></span> <span class='ocrx_word' id='word_1_147' title='bbox 714 1470 770 1512; x_wconf 87' lang='lat' dir='ltr'><strong>ait</strong></span> <span class='ocrx_word' id='word_1_148' title='bbox 791 1487 800 1511; x_wconf 91' lang='lat'>:</span> <span class='ocrx_word' id='word_1_149' title='bbox 827 1470 952 1513; x_wconf 80' lang='lat' dir='ltr'><strong>«Fiat</strong></span> <span class='ocrx_word' id='word_1_150' title='bbox 974 1473 1168 1515; x_wconf 83' lang='lat' dir='ltr'><strong>voluntas</strong></span> <span class='ocrx_word' id='word_1_151' title='bbox 1195 1483 1267 1516; x_wconf 84' lang='lat' dir='ltr'><strong>tua</strong></span> <span class='ocrx_word' id='word_1_152' title='bbox 1291 1473 1401 1516; x_wconf 87' lang='lat' dir='ltr'><strong>sicut</strong></span> <span class='ocrx_word' id='word_1_153' title='bbox 1422 1473 1465 1516; x_wconf 92' lang='lat' dir='ltr'><strong>in</strong></span> <span class='ocrx_word' id='word_1_154' title='bbox 1487 1475 1594 1518; x_wconf 84' lang='lat' dir='ltr'><strong>coelo</strong></span> <span class='ocrx_word' id='word_1_155' title='bbox 1614 1483 1658 1518; x_wconf 88' lang='lat' dir='ltr'><strong>et</strong></span> <span class='ocrx_word' id='word_1_156' title='bbox 1677 1475 1721 1518; x_wconf 91' lang='lat' dir='ltr'><strong>in</strong></span> 
     </span>
     <span class='ocr_line' id='line_1_19' title="bbox 350 1540 1722 1605; baseline 0.007 -24"><span class='ocrx_word' id='word_1_157' title='bbox 350 1550 492 1584; x_wconf 83' lang='lat' dir='ltr'><strong>»terra</strong></span> <span class='ocrx_word' id='word_1_158' title='bbox 510 1540 540 1583; x_wconf 74' lang='lat'><strong>¹⁶.</strong></span> <span class='ocrx_word' id='word_1_159' title='bbox 572 1559 587 1580; x_wconf 73' lang='lat' dir='ltr'><em>n</em></span> <span class='ocrx_word' id='word_1_160' title='bbox 621 1540 715 1584; x_wconf 88' lang='lat' dir='ltr'><strong>Non</strong></span> <span class='ocrx_word' id='word_1_161' title='bbox 747 1542 896 1584; x_wconf 85' lang='lat' dir='ltr'><strong>eadem</strong></span> <span class='ocrx_word' id='word_1_162' title='bbox 918 1550 982 1584; x_wconf 84' lang='lat' dir='ltr'><strong>est</strong></span> <span class='ocrx_word' id='word_1_163' title='bbox 1005 1542 1090 1585; x_wconf 88' lang='lat' dir='ltr'><strong>illic</strong></span> <span class='ocrx_word' id='word_1_164' title='bbox 1113 1542 1312 1601; x_wconf 84' lang='lat' dir='ltr'><strong>iniquitas</strong></span> <span class='ocrx_word' id='word_1_165' title='bbox 1345 1544 1533 1588; x_wconf 88' lang='lat' dir='ltr'><strong>vicinum</strong></span> <span class='ocrx_word' id='word_1_166' title='bbox 1559 1562 1722 1605; x_wconf 88' lang='lat' dir='ltr'><strong>posses·</strong></span> 
     </span>
     <span class='ocr_line' id='line_1_20' title="bbox 352 1610 1721 1674; baseline 0.004 -18"><span class='ocrx_word' id='word_1_167' title='bbox 352 1611 480 1656; x_wconf 86' lang='lat' dir='ltr'><strong>sionis</strong></span> <span class='ocrx_word' id='word_1_168' title='bbox 498 1610 677 1654; x_wconf 88' lang='lat' dir='ltr'><strong>finitimo</strong></span> <span class='ocrx_word' id='word_1_169' title='bbox 695 1627 793 1653; x_wconf 88' lang='lat' dir='ltr'><strong>rurc</strong></span> <span class='ocrx_word' id='word_1_170' title='bbox 812 1613 1021 1674; x_wconf 73' lang='lat' dir='ltr'><strong>depellere</strong></span> <span class='ocrx_word' id='word_1_171' title='bbox 1035 1645 1046 1662; x_wconf 93' lang='lat'>‚</span> <span class='ocrx_word' id='word_1_172' title='bbox 1065 1613 1235 1656; x_wconf 87' lang='lat' dir='ltr'><strong>viduam</strong></span> <span class='ocrx_word' id='word_1_173' title='bbox 1252 1613 1508 1660; x_wconf 70' lang='lat' dir='ltr'><strong>haereditatis</strong></span> <span class='ocrx_word' id='word_1_174' title='bbox 1526 1617 1721 1661; x_wconf 81' lang='lat' dir='ltr'><strong>fraudare</strong></span> 
     </span>
     <span class='ocr_line' id='line_1_21' title="bbox 351 1682 1722 1747; baseline 0.006 -23"><span class='ocrx_word' id='word_1_175' title='bbox 351 1682 638 1740; x_wconf 86' lang='lat' dir='ltr'><strong>compendiis,</strong></span> <span class='ocrx_word' id='word_1_176' title='bbox 674 1682 859 1724; x_wconf 89' lang='lat' dir='ltr'><strong>minores</strong></span> <span class='ocrx_word' id='word_1_177' title='bbox 884 1682 1086 1725; x_wconf 85' lang='lat' dir='ltr'><strong>consortii</strong></span> <span class='ocrx_word' id='word_1_178' title='bbox 1107 1682 1203 1742; x_wconf 88' lang='lat' dir='ltr'><strong>jure</strong></span> <span class='ocrx_word' id='word_1_179' title='bbox 1226 1685 1454 1730; x_wconf 81' lang='lat' dir='ltr'><strong>detrudere</strong></span> <span class='ocrx_word' id='word_1_180' title='bbox 1480 1687 1592 1747; x_wconf 82' lang='lat'><strong>(56),</strong></span> <span class='ocrx_word' id='word_1_181' title='bbox 1612 1689 1722 1734; x_wconf 84' lang='lat' dir='ltr'><strong>intra</strong></span> 
     </span>
     <span class='ocr_line' id='line_1_22' title="bbox 350 1752 1723 1814; baseline 0.007 -18"><span class='ocrx_word' id='word_1_182' title='bbox 350 1754 515 1811; x_wconf 81' lang='lat' dir='ltr'><strong>lignum</strong></span> <span class='ocrx_word' id='word_1_183' title='bbox 548 1752 730 1809; x_wconf 79' lang='lat' dir='ltr'><strong>denique</strong></span> <span class='ocrx_word' id='word_1_184' title='bbox 761 1760 804 1795; x_wconf 82' lang='lat' dir='ltr'><strong>et</strong></span> <span class='ocrx_word' id='word_1_185' title='bbox 833 1754 1132 1811; x_wconf 86' lang='lat' dir='ltr'><strong>quodcumque</strong></span> <span class='ocrx_word' id='word_1_186' title='bbox 1173 1756 1335 1812; x_wconf 77' lang='lat' dir='ltr'><strong>argenti</strong></span> <span class='ocrx_word' id='word_1_187' title='bbox 1369 1764 1495 1814; x_wconf 90' lang='lat' dir='ltr'><strong>atque</strong></span> <span class='ocrx_word' id='word_1_188' title='bbox 1531 1760 1621 1803; x_wconf 88' lang='lat' dir='ltr'><strong>auri</strong></span> <span class='ocrx_word' id='word_1_189' title='bbox 1656 1763 1723 1806; x_wconf 83' lang='lat' dir='ltr'><strong>vel</strong></span> 
     </span>
     <span class='ocr_line' id='line_1_23' title="bbox 353 1823 1723 1881; baseline 0.007 -15"><span class='ocrx_word' id='word_1_190' title='bbox 353 1823 445 1866; x_wconf 80' lang='lat' dir='ltr'><strong>oeris</strong></span> <span class='ocrx_word' id='word_1_191' title='bbox 463 1825 682 1866; x_wconf 82' lang='lat' dir='ltr'><strong>metallum</strong></span> <span class='ocrx_word' id='word_1_192' title='bbox 699 1824 813 1866; x_wconf 83' lang='lat' dir='ltr'><strong>velut</strong></span> <span class='ocrx_word' id='word_1_193' title='bbox 830 1823 1011 1881; x_wconf 79' lang='lat' dir='ltr'><strong>effigiem</strong></span> <span class='ocrx_word' id='word_1_194' title='bbox 1028 1825 1256 1881; x_wconf 85' lang='lat' dir='ltr'><strong>quamdam</strong></span> <span class='ocrx_word' id='word_1_195' title='bbox 1271 1827 1486 1871; x_wconf 78' lang='lat' dir='ltr'><strong>coelestem</strong></span> <span class='ocrx_word' id='word_1_196' title='bbox 1503 1829 1723 1875; x_wconf 86' lang='lat' dir='ltr'><strong>includere</strong></span> 
     </span>
     <span class='ocr_line' id='line_1_24' title="bbox 352 1893 1723 1957; baseline 0.007 -22"><span class='ocrx_word' id='word_1_197' title='bbox 352 1901 618 1952; x_wconf 85' lang='lat' dir='ltr'><strong>potestatem.</strong></span> <span class='ocrx_word' id='word_1_198' title='bbox 646 1893 747 1936; x_wconf 85' lang='lat' dir='ltr'><strong>Haec</strong></span> <span class='ocrx_word' id='word_1_199' title='bbox 771 1909 870 1936; x_wconf 87' lang='lat' dir='ltr'><strong>cum</strong></span> <span class='ocrx_word' id='word_1_200' title='bbox 892 1894 976 1936; x_wconf 85' lang='lat' dir='ltr'><strong>sint</strong></span> <span class='ocrx_word' id='word_1_201' title='bbox 991 1894 1162 1936; x_wconf 82' lang='lat' dir='ltr'><strong>maximi</strong></span> <span class='ocrx_word' id='word_1_202' title='bbox 1188 1896 1313 1952; x_wconf 84' lang='lat' dir='ltr'><strong>plena</strong></span> <span class='ocrx_word' id='word_1_203' title='bbox 1331 1897 1561 1957; x_wconf 80' lang='lat' dir='ltr'><strong>sacrilegii,</strong></span> <span class='ocrx_word' id='word_1_204' title='bbox 1581 1900 1624 1943; x_wconf 89' lang='lat' dir='ltr'><strong>in</strong></span> <span class='ocrx_word' id='word_1_205' title='bbox 1641 1916 1723 1954; x_wconf 78' lang='lat' dir='ltr'><strong>coe-</strong></span> 
     </span>
     <span class='ocr_line' id='line_1_25' title="bbox 351 1963 1724 2021; baseline -0.003 -15"><span class='ocrx_word' id='word_1_206' title='bbox 351 1965 401 2009; x_wconf 79' lang='lat' dir='ltr'><strong>lis</strong></span> <span class='ocrx_word' id='word_1_207' title='bbox 427 1973 604 2013; x_wconf 88' lang='lat' dir='ltr'><strong>vacant,</strong></span> <span class='ocrx_word' id='word_1_208' title='bbox 624 1963 667 2006; x_wconf 89' lang='lat' dir='ltr'><strong>in</strong></span> <span class='ocrx_word' id='word_1_209' title='bbox 689 1964 811 2006; x_wconf 86' lang='lat' dir='ltr'><strong>terris</strong></span> <span class='ocrx_word' id='word_1_210' title='bbox 842 1964 1178 2021; x_wconf 81' lang='lat' dir='ltr'><strong>frequentantur.</strong></span> <span class='ocrx_word' id='word_1_211' title='bbox 1216 1983 1232 2003; x_wconf 90' lang='lat'>«</span> <span class='ocrx_word' id='word_1_212' title='bbox 1250 1965 1390 2010; x_wconf 78' lang='lat' dir='ltr'><strong>Verbo</strong></span> <span class='ocrx_word' id='word_1_213' title='bbox 1413 1968 1527 2011; x_wconf 72' lang='lat' dir='ltr'><strong>enim</strong></span> <span class='ocrx_word' id='word_1_214' title='bbox 1552 1970 1724 2015; x_wconf 67' lang='lat' dir='ltr'><strong>Domini</strong></span> 
     </span>
    </p>
   </div>
   <div class='ocr_carea' id='block_1_3' title="bbox 286 2032 1428 2080">
    <p class='ocr_par' dir='ltr' id='par_1_3' title="bbox 286 2032 1428 2080">
     <span class='ocr_line' id='line_1_26' title="bbox 286 2032 1428 2080; baseline 0.006 -6"><span class='ocrx_word' id='word_1_215' title='bbox 286 2050 292 2057; x_wconf 91' lang='lat'><strong>·</strong></span> <span class='ocrx_word' id='word_1_216' title='bbox 354 2034 479 2076; x_wconf 85' lang='lat' dir='ltr'><strong>»coeli</strong></span> <span class='ocrx_word' id='word_1_217' title='bbox 504 2033 659 2076; x_wconf 87' lang='lat' dir='ltr'><strong>firmati</strong></span> <span class='ocrx_word' id='word_1_218' title='bbox 678 2032 813 2076; x_wconf 82' lang='lat' dir='ltr'><strong>sunt⁵.</strong></span> <span class='ocrx_word' id='word_1_219' title='bbox 838 2052 853 2073; x_wconf 93' lang='lat'>»</span> <span class='ocrx_word' id='word_1_220' title='bbox 882 2049 968 2076; x_wconf 90' lang='lat' dir='ltr'><strong>non</strong></span> <span class='ocrx_word' id='word_1_221' title='bbox 982 2042 1097 2077; x_wconf 85' lang='lat' dir='ltr'><strong>-terra</strong></span> <span class='ocrx_word' id='word_1_222' title='bbox 1120 2033 1287 2078; x_wconf 78' lang='lat' dir='ltr'><strong>firmata</strong></span> <span class='ocrx_word' id='word_1_223' title='bbox 1309 2045 1385 2080; x_wconf 85' lang='lat' dir='ltr'><strong>est.</strong></span> <span class='ocrx_word' id='word_1_224' title='bbox 1424 2061 1428 2064; x_wconf 48' lang='grc'><em>’</em></span> 
     </span>
    </p>
   </div>
   <div class='ocr_carea' id='block_1_4' title="bbox 353 2100 1726 2526">
    <p class='ocr_par' dir='ltr' id='par_1_4' title="bbox 353 2100 1726 2526">
     <span class='ocr_line' id='line_1_27' title="bbox 412 2100 1726 2166; baseline 0.006 -18"><span class='ocrx_word' id='word_1_225' title='bbox 412 2105 523 2148; x_wconf 88' lang='lat' dir='ltr'><strong>LIX.</strong></span> <span class='ocrx_word' id='word_1_226' title='bbox 562 2105 614 2148; x_wconf 85' lang='lat' dir='ltr'><strong>Et</strong></span> <span class='ocrx_word' id='word_1_227' title='bbox 644 2105 739 2148; x_wconf 87' lang='lat' dir='ltr'><strong>ideo</strong></span> <span class='ocrx_word' id='word_1_228' title='bbox 767 2100 1093 2162; x_wconf 82' lang='lat' dir='ltr'><strong>justificationes</strong></span> <span class='ocrx_word' id='word_1_229' title='bbox 1123 2105 1200 2148; x_wconf 89' lang='lat' dir='ltr'><strong>Dei</strong></span> <span class='ocrx_word' id='word_1_230' title='bbox 1230 2107 1280 2149; x_wconf 84' lang='lat' dir='ltr'><strong>ab</strong></span> <span class='ocrx_word' id='word_1_231' title='bbox 1314 2107 1405 2166; x_wconf 87' lang='lat' dir='ltr'><strong>ipso</strong></span> <span class='ocrx_word' id='word_1_232' title='bbox 1428 2109 1615 2154; x_wconf 88' lang='lat' dir='ltr'><strong>Domino</strong></span> <span class='ocrx_word' id='word_1_233' title='bbox 1634 2112 1726 2156; x_wconf 84' lang='lat' dir='ltr'><strong>vult</strong></span> 
     </span>
     <span class='ocr_line' id='line_1_28' title="bbox 356 2175 1724 2238; baseline 0.007 -20"><span class='ocrx_word' id='word_1_234' title='bbox 356 2176 525 2226; x_wconf 82' lang='lat' dir='ltr'><strong>doceri3</strong></span> <span class='ocrx_word' id='word_1_235' title='bbox 546 2176 643 2233; x_wconf 88' lang='lat' dir='ltr'><strong>quia</strong></span> <span class='ocrx_word' id='word_1_236' title='bbox 661 2175 832 2218; x_wconf 88' lang='lat' dir='ltr'><strong>difficile</strong></span> <span class='ocrx_word' id='word_1_237' title='bbox 850 2185 912 2219; x_wconf 81' lang='lat' dir='ltr'><strong>est</strong></span> <span class='ocrx_word' id='word_1_238' title='bbox 932 2175 974 2218; x_wconf 89' lang='lat' dir='ltr'><strong>in</strong></span> <span class='ocrx_word' id='word_1_239' title='bbox 993 2185 1103 2220; x_wconf 84' lang='lat' dir='ltr'><strong>terra</strong></span> <span class='ocrx_word' id='word_1_240' title='bbox 1121 2177 1371 2235; x_wconf 80' lang='lat' dir='ltr'><strong>magistrum</strong></span> <span class='ocrx_word' id='word_1_241' title='bbox 1390 2179 1638 2238; x_wconf 89' lang='lat' dir='ltr'><strong>hujusmodi</strong></span> <span class='ocrx_word' id='word_1_242' title='bbox 1655 2197 1724 2226; x_wconf 86' lang='lat' dir='ltr'><strong>re-</strong></span> 
     </span>
     <span class='ocr_line' id='line_1_29' title="bbox 353 2247 1725 2314; baseline 0.008 -26"><span class='ocrx_word' id='word_1_243' title='bbox 353 2248 513 2305; x_wconf 80' lang='lat' dir='ltr'><strong>perire.</strong></span> <span class='ocrx_word' id='word_1_244' title='bbox 541 2247 610 2305; x_wconf 89' lang='lat' dir='ltr'><strong>qui</strong></span> <span class='ocrx_word' id='word_1_245' title='bbox 635 2262 682 2289; x_wconf 89' lang='lat' dir='ltr'><strong>ea</strong></span> <span class='ocrx_word' id='word_1_246' title='bbox 708 2249 879 2297; x_wconf 84' lang='lat' dir='ltr'><strong>doceat,</strong></span> <span class='ocrx_word' id='word_1_247' title='bbox 901 2263 993 2305; x_wconf 82' lang='lat' dir='ltr'><strong>quae</strong></span> <span class='ocrx_word' id='word_1_248' title='bbox 1015 2248 1102 2306; x_wconf 85' lang='lat' dir='ltr'><strong>ipse</strong></span> <span class='ocrx_word' id='word_1_249' title='bbox 1118 2263 1205 2291; x_wconf 87' lang='lat' dir='ltr'><strong>nou</strong></span> <span class='ocrx_word' id='word_1_250' title='bbox 1223 2249 1388 2295; x_wconf 83' lang='lat' dir='ltr'><strong>viderit.</strong></span> <span class='ocrx_word' id='word_1_251' title='bbox 1423 2251 1490 2296; x_wconf 87' lang='lat' dir='ltr'><strong>Ad</strong></span> <span class='ocrx_word' id='word_1_252' title='bbox 1506 2253 1625 2297; x_wconf 87' lang='lat' dir='ltr'><strong>illum</strong></span> <span class='ocrx_word' id='word_1_253' title='bbox 1645 2255 1725 2314; x_wconf 87' lang='lat' dir='ltr'><strong>igi-</strong></span> 
     </span>
     <span class='ocr_line' id='line_1_30' title="bbox 355 2318 1725 2382; baseline 0.007 -22"><span class='ocrx_word' id='word_1_254' title='bbox 355 2325 425 2360; x_wconf 85' lang='lat' dir='ltr'><strong>tur</strong></span> <span class='ocrx_word' id='word_1_255' title='bbox 442 2319 662 2361; x_wconf 87' lang='lat' dir='ltr'><strong>doctorem</strong></span> <span class='ocrx_word' id='word_1_256' title='bbox 681 2318 829 2360; x_wconf 87' lang='lat' dir='ltr'><strong>intimo</strong></span> <span class='ocrx_word' id='word_1_257' title='bbox 845 2318 1055 2376; x_wconf 81' lang='lat' dir='ltr'><strong>Propheta</strong></span> <span class='ocrx_word' id='word_1_258' title='bbox 1074 2319 1295 2363; x_wconf 87' lang='lat' dir='ltr'><strong>contendit</strong></span> <span class='ocrx_word' id='word_1_259' title='bbox 1317 2320 1500 2374; x_wconf 80' lang='lat' dir='ltr'><strong>affectu3</strong></span> <span class='ocrx_word' id='word_1_260' title='bbox 1521 2325 1592 2382; x_wconf 89' lang='lat' dir='ltr'><strong>qui</strong></span> <span class='ocrx_word' id='word_1_261' title='bbox 1612 2327 1725 2369; x_wconf 87' lang='lat' dir='ltr'><strong>solus</strong></span> 
     </span>
     <span class='ocr_line' id='line_1_31' title="bbox 353 2389 1726 2453; baseline 0.007 -22"><span class='ocrx_word' id='word_1_262' title='bbox 353 2389 553 2448; x_wconf 82' lang='lat' dir='ltr'><strong>magister</strong></span> <span class='ocrx_word' id='word_1_263' title='bbox 569 2397 632 2432; x_wconf 81' lang='lat' dir='ltr'><strong>est</strong></span> <span class='ocrx_word' id='word_1_264' title='bbox 657 2404 794 2432; x_wconf 87' lang='lat' dir='ltr'><strong>verus.</strong></span> <span class='ocrx_word' id='word_1_265' title='bbox 819 2390 1047 2442; x_wconf 84' lang='lat' dir='ltr'><strong>Quomodo</strong></span> <span class='ocrx_word' id='word_1_266' title='bbox 1065 2390 1179 2432; x_wconf 89' lang='lat' dir='ltr'><strong>enim</strong></span> <span class='ocrx_word' id='word_1_267' title='bbox 1205 2399 1344 2449; x_wconf 81' lang='lat' dir='ltr'><strong>potest</strong></span> <span class='ocrx_word' id='word_1_268' title='bbox 1364 2393 1493 2437; x_wconf 87' lang='lat' dir='ltr'><strong>homo</strong></span> <span class='ocrx_word' id='word_1_269' title='bbox 1517 2397 1635 2453; x_wconf 85' lang='lat' dir='ltr'><strong>quasi</strong></span> <span class='ocrx_word' id='word_1_270' title='bbox 1652 2413 1726 2442; x_wconf 86' lang='lat' dir='ltr'><strong>ve-</strong></span> 
     </span>
     <span class='ocr_line' id='line_1_32' title="bbox 354 2460 1726 2526; baseline 0.007 -24"><span class='ocrx_word' id='word_1_271' title='bbox 354 2475 449 2502; x_wconf 86' lang='lat' dir='ltr'><strong>rum</strong></span> <span class='ocrx_word' id='word_1_272' title='bbox 467 2461 621 2503; x_wconf 89' lang='lat' dir='ltr'><strong>docere</strong></span> <span class='ocrx_word' id='word_1_273' title='bbox 638 2461 754 2517; x_wconf 90' lang='lat' dir='ltr'><strong>quod</strong></span> <span class='ocrx_word' id='word_1_274' title='bbox 771 2460 954 2511; x_wconf 78' lang='lat' dir='ltr'><strong>nesciat,</strong></span> <span class='ocrx_word' id='word_1_275' title='bbox 974 2475 1073 2504; x_wconf 90' lang='lat' dir='ltr'><strong>cum</strong></span> <span class='ocrx_word' id='word_1_276' title='bbox 1089 2461 1177 2519; x_wconf 85' lang='lat' dir='ltr'><strong>ipse</strong></span> <span class='ocrx_word' id='word_1_277' title='bbox 1195 2462 1246 2504; x_wconf 88' lang='lat' dir='ltr'><strong>sit</strong></span> <span class='ocrx_word' id='word_1_278' title='bbox 1264 2464 1476 2508; x_wconf 77' lang='lat' dir='ltr'><strong>mendax?</strong></span> <span class='ocrx_word' id='word_1_279' title='bbox 1490 2467 1726 2526; x_wconf 83' lang='lat' dir='ltr'><strong>Meritoque</strong></span> 
     </span>
    </p>
   </div>
   <div class='ocr_carea' id='block_1_5' title="bbox 356 2559 1725 2653">
    <p class='ocr_par' dir='ltr' id='par_1_5' title="bbox 356 2559 1725 2653">
     <span class='ocr_line' id='line_1_33' title="bbox 374 2559 1725 2610; baseline 0.01 -19"><span class='ocrx_word' id='word_1_280' title='bbox 374 2593 376 2595; x_wconf 76' lang='grc'><strong>,</strong></span> <span class='ocrx_word' id='word_1_281' title='bbox 402 2569 410 2583; x_wconf 88' lang='lat'><strong>¹</strong></span> <span class='ocrx_word' id='word_1_282' title='bbox 436 2559 518 2592; x_wconf 83' lang='lat' dir='ltr'><strong>Psal.</strong></span> <span class='ocrx_word' id='word_1_283' title='bbox 540 2570 634 2598; x_wconf 73' lang='lat' dir='ltr'><strong>cxnu,</strong></span> <span class='ocrx_word' id='word_1_284' title='bbox 652 2559 778 2594; x_wconf 80' lang='lat'><strong>16.-²</strong></span> <span class='ocrx_word' id='word_1_285' title='bbox 796 2561 912 2596; x_wconf 72' lang='lat' dir='ltr'><strong>Manu.</strong></span> <span class='ocrx_word' id='word_1_286' title='bbox 935 2572 977 2601; x_wconf 75' lang='lat' dir='ltr'><strong>n,</strong></span> <span class='ocrx_word' id='word_1_287' title='bbox 1001 2561 1054 2596; x_wconf 77' lang='lat'><strong>26.</strong></span> <span class='ocrx_word' id='word_1_288' title='bbox 1074 2579 1114 2588; x_wconf 86' lang='lat'><strong>·-</strong></span> <span class='ocrx_word' id='word_1_289' title='bbox 1134 2565 1146 2588; x_wconf 79' lang='lat'>³</span> <span class='ocrx_word' id='word_1_290' title='bbox 1167 2564 1252 2597; x_wconf 87' lang='lat' dir='ltr'><strong>Gen.</strong></span> <span class='ocrx_word' id='word_1_291' title='bbox 1268 2575 1313 2600; x_wconf 76' lang='lat' dir='ltr'><strong>vt.</strong></span> <span class='ocrx_word' id='word_1_292' title='bbox 1334 2577 1362 2598; x_wconf 82' lang='lat'><strong>2.</strong></span> <span class='ocrx_word' id='word_1_293' title='bbox 1385 2584 1424 2592; x_wconf 85' lang='lat'><strong>--</strong></span> <span class='ocrx_word' id='word_1_294' title='bbox 1448 2569 1461 2596; x_wconf 82' lang='grc'><strong>4</strong></span> <span class='ocrx_word' id='word_1_295' title='bbox 1475 2569 1656 2610; x_wconf 80' lang='lat' dir='ltr'><strong>Mauh.v1‚</strong></span> <span class='ocrx_word' id='word_1_296' title='bbox 1676 2580 1725 2604; x_wconf 82' lang='grc' dir='ltr'><strong>ιο.</strong></span> 
     </span>
     <span class='ocr_line' id='line_1_34' title="bbox 356 2613 695 2653; baseline 0.009 -10"><span class='ocrx_word' id='word_1_297' title='bbox 356 2624 396 2636; x_wconf 78' lang='lat'><strong>—-</strong></span> <span class='ocrx_word' id='word_1_298' title='bbox 417 2613 427 2632; x_wconf 74' lang='lat'>⁵</span> <span class='ocrx_word' id='word_1_299' title='bbox 446 2613 514 2645; x_wconf 74' lang='lat' dir='ltr'><strong>rsa}</strong></span> <span class='ocrx_word' id='word_1_300' title='bbox 544 2623 650 2653; x_wconf 81' lang='lat' dir='ltr'><strong>xxxn,</strong></span> <span class='ocrx_word' id='word_1_301' title='bbox 665 2614 695 2647; x_wconf 87' lang='grc'><strong>6.</strong></span> 
     </span>
    </p>
   </div>
  </div>
 </body>
</html>
