1800 3236
373 296 432 354 74
726 314 728 316 ·
921 309 954 338 s.
994 308 1186 339 Aunnosn
1240 347 1243 349 ¹

431 385 586 433 XVIII.
622 385 713 430 Tali
743 401 786 429 se
809 385 1018 429 munitam
1043 387 1141 430 dote
1171 386 1383 438 virtutum«
1398 388 1586 434 Ecclesia
1605 389 1739 448 loqui-

374 468 469 509 tur3
486 465 535 501 ut
553 458 675 516 digna
696 457 887 500 videatur
908 457 950 500 in
975 457 1096 515 cujus
1116 458 1315 501 invitatus
1332 459 1519 518 Sponsus
1540 463 1739 505 succedat

377 529 621 589 hospitium.
647 528 756 571 Hinc
777 528 963 586 primum
990 544 1034 570 se
1055 530 1274 587 praesumit
1296 545 1385 575 esse
1402 531 1681 589 placituram,
1704 532 1740 576 si

375 605 484 646 bene
511 609 666 644 tectam
682 633 693 650 ‚
717 608 760 642 et
781 598 863 642 fida
888 605 1124 643 servantem
1144 601 1305 643 silentia
1335 601 1527 646 Christus
1548 604 1734 662 aspiciat.
1799 596 1800 649 ἦ

385 691 403 714 α
420 674 534 716 Ecce
553 687 597 714 es
610 701 622 720 ,
643 670 802 728 inquit,
820 670 1331 715 formosus—consobrinus
1344 686 1488 722 meus,
1509 682 1552 716 et
1569 674 1741 731 quidem

375 742 612 802 »pulcherz
637 741 858 785 acclinatio
884 750 1027 785 nostra
1053 756 1208 800 opaca,
1234 744 1373 794 trabes
1395 743 1620 788 domorum
1641 756 1742 792 nos—

375 832 393 855 1·
407 822 566 856 trarum
583 811 720 862 cedri,
738 812 953 855 lacunaria
975 814 1117 855 n'ostra
1131 812 1318 871 cupressi
1335 812 1366 856 ³.
1380 832 1396 854 ιι
1410 813 1576 862 Laudat
1590 813 1743 873 Sponsi

378 884 575 926 decorem
602 882 791 925 Ecclesia
808 917 819 932 ‚
847 896 974 940 quem
1005 884 1099 941 plus
1128 884 1418 941 unusquisque
1445 884 1576 928 tacito
1600 884 1747 927 laudat

379 953 557 1003 affectu,
589 961 632 996 et
653 951 763 997 fidus
779 953 1080 1011 mysteriorum
1099 953 1304 1011 interpres
1326 954 1506 1002 tacendo
1528 954 1623 1012 plus
1641 969 1746 1012 prac-

377 1025 501 1067 dicat.
522 1023 627 1068 Nam
639 1024 711 1082 qui
733 1038 886 1067 arcana
900 1024 1086 1082 divulgat
1101 1056 1112 1073 ,
1127 1023 1507 1068 imminuitChristi
1523 1025 1737 1068 decorem.

377 1096 477 1138 Ideo
499 1110 625 1138 nemo
653 1095 1066 1154 mittat,ma1·garitas
1100 1110 1195 1137 suas
1218 1095 1397 1153 porcis3
1415 1110 1471 1138 ne
1501 1095 1745 1145 conculcari

377 1164 505 1208 faciat
524 1174 771 1208 ornamenta
784 1166 979 1223 pretiosa.
998 1165 1092 1209 Non
1105 1165 1258 1223 ergoin
1271 1165 1546 1209 tabernaculo
1557 1165 1744 1223 loquacis

378 1242 422 1278 et
441 1234 618 1293 garruli;
639 1234 737 1292 quia
758 1236 802 1277 in
823 1235 1091 1293 multiloquio
1119 1244 1345 1294 peccatum
1374 1235 1615 1280 admittitur
1634 1250 1646 1278 ε
1671 1236 1747 1281 sed

379 1305 424 1349 in
442 1305 518 1348 viri
541 1305 663 1355 serii,
688 1305 759 1363 qui
781 1306 834 1348 sit
854 1318 1006 1363 parcus
1034 1306 1233 1364 alloquii,
1258 1321 1338 1349 nec
1363 1306 1569 1360 sermonis
1593 1305 1746 1349 intem-

380 1392 556 1437 perans,
583 1384 626 1420 et
645 1376 875 1419 verborum
900 1375 1129 1418 sobrietate
1158 1377 1451 1421 temulentiam
1478 1373 1746 1436 loquacitatis

380 1449 561 1497 evitans,
587 1454 714 1504 caput
734 1461 857 1488 suum
881 1445 1074 1489 Christus
1091 1446 1276 1489 inclinat.

439 1517 559 1562 ΧΙΧ.
596 1517 649 1560 Et
676 1516 827 1560 merito
850 1531 1026 1575 opacam
1049 1516 1257 1575 significat
1279 1515 1602 1560 acclinationem
1617 1532 1630 1566 ς
1648 1515 1747 1574 quia

382 1588 424 1631 in
457 1586 646 1630 Ecclesia
684 1587 935 1629 constitutos
974 1587 1105 1630 virtus
1141 1587 1372 1630 obumbrat
1401 1586 1620 1630 Altissimi.
1647 1587 1748 1636 ⁴Hac

380 1658 533 1700 umbra
554 1657 690 1700 David
710 1657 873 1714 protegi
898 1672 942 1699 se
965 1658 1229 1714 postulabat3
1254 1673 1307 1700 ne
1329 1672 1429 1700 eum
1456 1672 1533 1715 per
1551 1656 1665 1700 diem
1687 1657 1750 1699 sol

380 1734 524 1770 ureret
538 1758 550 1776 ‚
571 1727 637 1770 vel
651 1727 750 1769 luna
772 1742 850 1784 per
865 1735 1037 1769 noctem
1057 1726 1088 1769 ².
1110 1727 1228 1770 Hanc
1239 1727 1437 1770 umbram
1458 1726 1653 1785 spiritalis
1668 1725 1749 1769 mi-

363 1798 531 1842 ,nistrat
554 1798 685 1856 gratia
703 1797 861 1840 torrida
876 1797 1016 1840 saeculi
1042 1798 1168 1855 hujus
1184 1830 1194 1846 ,
1208 1806 1250 1841 ct
1266 1798 1415 1840 mundi
1432 1798 1572 1842 aestiva
1588 1797 1750 1856 fugien-
1787 1795 1790 1797 ⁵

384 1869 508 1913 tibus.
542 1869 690 1927 Opaca
714 1869 842 1927 igitur
867 1869 1088 1916 acclinatio
1113 1869 1268 1912 Christi
1282 1877 1325 1912 et
1344 1869 1545 1912 Ecclesiae
1558 1900 1570 1920 ,
1594 1869 1749 1927 quibus

383 1940 462 1983 Dei
482 1940 613 1982 Patris
631 1948 788 1982 aetcrna
807 1940 875 1982 illa
893 1940 1058 1997 requies
1077 1940 1246 1998 aspiras·
1271 1941 1319 1982 In
1341 1940 1422 1983 hac
1438 1955 1539 1999 ergo
1566 1939 1751 1997 requies-

383 2024 530 2053 camus
558 2011 707 2052 umbra
721 2041 732 2059 ,
753 2019 1027 2068 peccatorum
1052 2019 1296 2053 nostrorum
1312 2011 1483 2054 oestibus
1505 2011 1677 2069 fatigati.
1705 2011 1750 2056 Si

383 2094 490 2136 quos
512 2080 671 2122 adussit
685 2079 841 2140 libido,
859 2081 936 2122 hos
956 2081 1126 2123 Domini
1154 2097 1258 2123 crux
1277 2081 1516 2140 refrigeret,
1537 2082 1580 2124 in
1596 2097 1680 2139 qua
1706 2097 1751 2124 se

385 2150 632 2199 reclinavit,
650 2158 698 2192 ut
718 2159 861 2193 nostra
885 2151 1039 2194 delicta
1065 2152 1310 2210 suspiceret.
1339 2152 1510 2210 Siquos
1525 2153 1649 2210 culpa
1673 2153 1752 2195 las-

387 2220 518 2270 savit,
543 2220 620 2263 hos
639 2221 762 2264 Jesus
777 2222 938 2280 gremio
964 2222 1163 2280 suscipiat
1180 2238 1255 2265 suo
1269 2255 1279 2272 ‚
1303 2231 1345 2265 et
1360 2222 1477 2267 molli
1497 2222 1636 2266 foveat
1659 2236 1752 2267 am·-

383 2292 522 2348 plexu.
558 2292 678 2335 Unde
701 2294 835 2336 audeo
859 2292 1000 2336 dicere
1021 2295 1135 2351 quod
1158 2308 1255 2336 caro
1279 2292 1436 2336 Christi
1453 2292 1676 2336 acclinatio
1698 2291 1752 2337 sit

384 2362 599 2406 Ecclesiae.
1725 2410 1727 2412 ,

441 2433 542 2478 ΧΧ.
572 2454 588 2473 α
605 2434 763 2478 Trabes
775 2436 1000 2478 domorum
1016 2443 1258 2478 nostrorum
1269 2436 1397 2479 cedri.
1418 2454 1435 2477 »
1450 2435 1576 2479 Cedri
1592 2435 1748 2495 specie,

384 2504 595 2562 majorum
618 2506 689 2562 qui
705 2506 807 2564 justi
829 2507 1024 2556 suerunt,
1045 2507 1176 2565 gloria
1193 2508 1434 2550 declaratur
1446 2524 1458 2557 ;
1477 2507 1616 2566 justus
1635 2507 1751 2554 enim

384 2582 434 2616 ut
452 2575 592 2632 palma
609 2575 801 2628 florebit,
827 2586 870 2621 et
887 2577 996 2620 sicut
1019 2577 1171 2621 cedrus
1186 2593 1277 2638 quae
1299 2577 1342 2622 in
1361 2577 1523 2623 Libano
1539 2587 1603 2624 est
1616 2611 1629 2632 ‚
1645 2578 1751 2623 mul-

436 2673 446 2689 ¹
468 2663 566 2700 Cant.
589 2677 614 2707 ι,
636 2667 687 2710 15,
706 2667 756 2702 16.
771 2686 811 2695 —
829 2677 842 2694 ²
859 2667 944 2703 Psal.
967 2678 1040 2710 cxx,
1058 2667 1092 2703 6.
