1800 3236
420 272 650 312 musmo
668 279 710 311 ιιι
741 278 928 311 ramum:
961 281 1104 312 cxvm.
1407 286 1437 330 9

26 374 47 410 ’.
78 363 573 426 perditorum‘salutem,
601 370 870 406 mortuorum
893 363 1251 407 resurrectionem
1267 397 1278 415 ,
1310 378 1413 407 sanc

25 460 32 464 „
78 435 355 480 tiliedtionem
371 441 755 496 sacramentorum,
777 442 821 477 et
838 433 1088 477 exclamavit
1108 434 1277 478 dicens:
1294 434 1440 479 «Beati

80 496 370 550 »immaculati
380 505 425 557 in
435 504 501 547 via
515 536 527 552 ,
540 523 557 543 n
570 504 655 548 hoc
669 512 733 547 est
746 537 760 555 ,
774 519 877 548 ecce
885 504 1110 548 maledicta
1120 512 1234 548 terra
1251 504 1295 547 in
1304 504 1442 548 Adam

22 575 23 578 ’
81 576 212 636 coepit
226 575 386 620 habere
405 574 737 624 beatitudinem3
770 574 805 618 si
825 583 971 618 tamen
999 575 1138 634 legem
1158 574 1331 618 Domini
1350 589 1438 617 non

82 647 372 706 derelinquat:
393 660 499 690 ecce
531 646 827 689 immaculatus
858 653 923 688 est
950 645 1105 695 homo,
1124 645 1198 703 qui
1231 654 1324 689 erat
1346 652 1443 688 ante

18 728 20 731 ’
80 718 282 777 pollutus.
309 717 451 772 Quam
484 715 718 775 pretiosum
748 724 812 759 est
832 715 1047 759 custodire
1070 723 1334 775 praeceptum
1354 715 1445 758 Do-

23 830 26 832 ,
81 788 189 832 mini
208 789 219 830 Ξ
240 802 367 846 quam
383 786 619 848 pretiosum
639 787 768 830 etiam
788 786 990 846 praecepti
1006 786 1137 846 ipsius
1157 786 1267 830 scire
1286 793 1443 844 myste-

14 863 15 869 ,
106 859 118 871 .
212 859 232 901 ¹.

140 929 253 974 VIII.
274 930 357 974 Sed
380 930 474 988 quis
483 937 547 973 est
561 929 857 973 immaculatus
874 929 896 972 ἰ’
909 912 1004 974 Non
1027 930 1178 988 utique
1193 929 1267 988 qui
1283 929 1327 972 in
1343 943 1443 987 qua-

15 999 18 1043 j
80 1016 266 1060 cumque
284 1001 350 1045 via
372 1001 590 1044 ambulat·
623 1001 700 1043 sed
728 1000 801 1058 qui
835 1000 881 1043 in
912 999 1084 1043 Christo
1119 1000 1323 1043 ambulat.
1348 999 1445 1057 lpse

20 1097 22 1099 ·
81 1072 195 1116 enim
211 1072 341 1116 dixit:
355 1090 373 1112 ι
393 1073 484 1131 Ego
502 1085 598 1120 sum
612 1070 723 1114 via‘.
742 1072 823 1113 »In
843 1070 926 1114 hac
946 1071 1012 1114 via
1034 1071 1106 1129 qui
1132 1071 1349 1120 ambulat,
1374 1085 1447 1112 er-

3 1150 22 1188 ζ
80 1158 176 1187 rare
194 1159 281 1187 non
301 1143 442 1192 novit;
465 1142 499 1185 si
514 1151 658 1185 tamen
670 1142 723 1183 ab
739 1141 821 1184 hac
844 1142 908 1184 via
924 1156 1142 1199 nunquam
1163 1141 1350 1184 recedat.
1371 1140 1447 1183 Est

6 1227 13 1272 ;
81 1222 125 1258 et
144 1215 210 1258 via
231 1213 343 1265 Len
360 1221 404 1257 et
419 1213 515 1257 ideo
541 1212 644 1255 dum
661 1211 959 1255 immaculatus
985 1219 1072 1262 est,
1095 1211 1139 1254 in
1154 1213 1247 1270 lege
1267 1209 1443 1254 Domini

4 1286 10 1336 5}
82 1277 271 1328 ambulet
289 1299 301 1327 ε
322 1299 404 1328 nec
419 1284 637 1327 ambulare
649 1282 692 1325 in
710 1283 777 1326 via
787 1283 869 1326 hac
886 1282 1067 1332 desinat,
1079 1297 1135 1324 ne
1146 1282 1446 1324 immaculatus

81 1369 173 1401 esse
193 1357 376 1401 desistat.
411 1356 506 1401 Non
538 1355 724 1399 declinet
742 1355 787 1397 in
810 1355 1028 1397 dexteram
1058 1362 1131 1396 aut
1150 1351 1320 1403 laevam,
1359 1367 1447 1395 non

14 1462 17 1464 -
82 1428 259 1483 titubet,
281 1443 369 1472 non
382 1427 577 1477 resistat,
594 1441 682 1469 non
691 1433 914 1506 expectet3
927 1425 1002 1468 sed
1023 1425 1213 1467 ambulet
1229 1423 1448 1482 superiora

7 1499 14 1548 J
82 1496 363 1550 obltfiscens,
387 1506 429 1542 et
459 1513 510 1542 ea
530 1513 623 1556 quae
645 1505 744 1540 sunt
762 1496 904 1554 priora
931 1505 1160 1554 appetens,
1186 1497 1239 1538 ad
1261 1495 1447 1538 destina-

15 1615 18 1622 ;
74 1561 182 1613 tuiti
208 1575 427 1627 sequatur,
460 1569 515 1611 ad
534 1566 729 1610 bravium
754 1566 944 1613 festinet,
982 1566 1213 1608 contendat
1247 1579 1382 1622 usque
1405 1564 1449 1606 in

8 1680 22 1687 ,
84 1639 237 1690 finem
249 1638 346 1682 finis
362 1638 476 1682 euim
492 1637 616 1696 Legis
631 1646 694 1680 est
708 1636 914 1680 Christus.
930 1635 1050 1678 Multi
1066 1637 1216 1678 volunt
1233 1634 1450 1677 ambulare

84 1711 128 1754 in
142 1710 233 1760 via,
255 1710 424 1754 sednon
443 1724 579 1766 usque
599 1709 653 1750 ad
661 1706 805 1750 finem.
826 1706 920 1750 Non
933 1705 1153 1748 ambulant
1166 1704 1450 1761 Judaeiusque

0 1824 6 1826 .
86 1782 144 1825 ad
161 1777 315 1831 finem,
339 1781 413 1839 qni
427 1794 660 1837 nouusque
677 1779 730 1821 ad
746 1776 963 1820 Christum
987 1777 1218 1819 ambulant.
1246 1775 1342 1819 Non
1364 1790 1448 1818 am-

85 1853 207 1897 bulat
221 1847 513 1905 Manichaeus‘
500 1866 545 1894 ιιι
561 1850 652 1900 via,
675 1849 748 1908 qui
775 1849 932 1908 Legem
955 1849 1138 1892 refutat:
1165 1849 1240 1891 sed
1260 1847 1453 1890 ambulat

85 1918 186 1966 vera
202 1921 330 1972 fides,
347 1927 444 1980 quae
464 1930 507 1965 et
525 1921 685 1979 Legem
708 1919 911 2004 suscipit,
935 1927 978 1962 et
998 1917 1307 1977 plenitudinem
1327 1916 1452 1981 Legis

81 1993 289 2052 agnoscit.

20 2055 21 2068 ³
76 2042 83 2079 ἑ
111 2028 223 2106 1’DL
246 2061 293 2106 Si
313 2062 420 2120 quis
441 2076 542 2120 ergo
563 2060 607 2104 in
636 2060 704 2103 via
730 2059 941 2109 ambulat,
965 2065 1180 2101 scrutetur
1208 2056 1451 2100 testimonia

78 2132 269 2178 Domini.
298 2131 523 2185 Quae‘licet
545 2130 725 2188 mystica
747 2130 857 2178 sint,
884 2137 1027 2172 tamen
1058 2127 1186 2170 etiam
1203 2126 1379 2169 moralia
1407 2127 1451 2168 in

22 2260 25 2266 ‚
89 2218 134 2246 se
162 2203 348 2251 habent:
368 2200 570 2260 quoniam
589 2200 743 2243 melius
772 2207 915 2258 potest
943 2199 1163 2241 ambulare
1186 2197 1232 2240 in
1253 2196 1320 2250 via
1340 2229 1353 2246 ‚
1380 2196 1454 2253 qui

88 2282 302 2318 scrutatur
318 2270 490 2316 Domini
509 2272 764 2316 testimonia.
789 2270 898 2314 Nam
921 2278 970 2313 ut
990 2270 1084 2330 quis
1105 2267 1453 2327 intemperantis-

0 2350 25 2399 ’ᾖ
89 2345 220 2389 simus
248 2351 396 2402 captus
423 2343 669 2386 adulterinae
696 2341 940 2410 cupiditatis
972 2348 1102 2388 aestu,
1140 2347 1184 2382 et
1204 2337 1340 2381 victus
1360 2336 1454 2379 libi-

7 2427 22 2487 {2
81 2408 213 2464 dine,
226 2415 296 2458 vel
314 2413 537 2472 indulgens
550 2412 745 2471 flagitiis,
770 2412 842 2469 qui
863 2425 1102 2469 repugnare
1121 2409 1230 2452 nolit
1250 2416 1448 2467 appeten-

12 2485 26 2545 {f
88 2484 161 2527 ‘tiae
173 2491 266 2528 suae
289 2484 453 2534 caruis,
464 2490 713 2527 conversus
738 2483 824 2526 huc
855 2490 981 2539 atque
1014 2480 1138 2530 illuc,
1166 2480 1199 2523 si
1231 2479 1448 2522 neminem

8 2588 34 2714 saw-‘raa

79 2546 202 2604 'ssrt'e
213 2548 386 2605 videam
395 2555 466 2611 in
457 2555 626 2610 facinus
631 2554 739 2600 ruit.
752 2554 868 2598 idem
895 2560 1038 2597 tamen
1057 2551 1249 2611 quamvis
1269 2548 1457 2594 inveniat

140 2646 271 2680 ¹Joan.
288 2656 355 2683 xiv,
372 2646 406 2681 6.
