1800 3236
349 298 400 340 18
894 305 924 336 s.
965 303 1155 338 Aunnosn

344 387 495 431 »nobis
526 385 726 429 omnibus
756 385 931 428 tradidit
959 400 1059 428 eum
1082 385 1114 428 ¹.
1147 403 1164 425 ι)
1187 382 1471 441 Dereliquisse
1501 380 1706 436 videtur,3

344 456 442 514 quia
469 472 555 499 non
584 455 796 514 pepercit,
831 455 903 512 qui
933 455 1108 498 tradidit
1131 454 1290 498 morti:
1323 455 1398 499 sed
1423 463 1509 501 non
1531 456 1708 514 ,penitus

344 527 587 585 dereliquit,
618 527 687 570 cui
721 525 906 569 dicitur:
933 543 949 566 α
973 525 1083 579 Quia
1111 541 1197 569 non
1226 526 1493 585 derelinques
1519 526 1711 575 animam.

343 612 511 640 »meam
532 598 575 640 in
597 597 761 640 inferno
776 630 787 646 ‚
811 611 892 639 nec
919 597 1038 640 dabis
1059 597 1266 641 Sanctum
1291 606 1414 642 tuum
1435 597 1581 643 videre
1605 610 1707 642 cor-

341 688 358 710 n
370 668 612 729 ruptionem
629 667 660 711 ².
682 686 700 708 »

337 831 737 845 mmmm-flamm
746 833 994 846 mmmm
1000 834 1201 848 unm-w
1206 831 1707 853 mmmmm-mm

883 947 1068 1015 SEBMp
1098 949 1152 993 11.

951 1067 1076 1111 Beth.

407 1229 423 1248 u
443 1210 488 1254 ΙΝ
516 1225 600 1268 quo
622 1210 795 1268 corrigit
819 1209 1016 1268 juvenior
1046 1210 1158 1253 viam
1180 1209 1355 1255 suam³P
1375 1230 1392 1253 n
1425 1209 1706 1271 Superiorum

335 1290 432 1325 octo
449 1297 646 1324 versuum
674 1297 760 1324 non
784 1281 967 1325 absurda
990 1282 1113 1324 nobis
1137 1283 1293 1326 cecidit
1315 1274 1568 1342 disputatio}
1591 1282 1706 1327 ideo-

337 1347 419 1410 que
436 1361 479 1395 et
500 1354 715 1410 sequentia
733 1353 932 1412 persequi
951 1353 1140 1396 studium
1155 1353 1247 1397 suit.
1274 1353 1328 1397 Et
1350 1354 1538 1413 primum
1552 1349 1704 1399 litterae

336 1423 531 1466 secundae
545 1457 557 1474 ,
586 1425 669 1466 hoc
690 1434 769 1475 est,
801 1423 937 1476 Beth,
961 1425 1252 1484 interpretatio
1275 1425 1583 1469 consideranda
1605 1433 1671 1469 est
1688 1458 1702 1476 ‚

336 1511 428 1553 quae
468 1495 510 1538 in
544 1496 674 1539 la'tino
712 1512 914 1540 conversa
937 1531 949 1548 ,
986 1496 1179 1539 confusio
1213 1498 1467 1541 declaratur.
1505 1496 1592 1541 Sed
1629 1497 1703 1556 qui

334 1567 445 1609 viam
467 1582 586 1610 suam
613 1568 807 1626 corrigit,
833 1584 920 1611 non
942 1567 1240 1612 confundetur.
1271 1568 1429 1613 Verum
1454 1569 1554 1627 quia
1577 1569 1612 1612 is
1630 1569 1707 1627 qui

334 1638 507 1695 corrigit
528 1670 540 1687 ,
576 1647 672 1680 ante
697 1638 741 1679 in
761 1654 906 1680 errore
935 1639 1016 1681 fuit
1049 1639 1285 1697 (quomodo
1307 1640 1423 1684 enim
1447 1640 1701 1700 corrigitur,

335 1707 415 1750 nisi
445 1707 561 1764 quod
593 1715 689 1750 ante
719 1707 890 1751 deflexit
919 1725 942 1752 a
969 1711 1095 1768 vero)
1126 1702 1274 1768 utique
1295 1711 1339 1753 in
1359 1712 1483 1771 lapsu
1504 1711 1666 1771 positus
1687 1742 1704 1763 ,

336 1786 378 1821 et
400 1778 695 1821 adolescentiae
717 1779 819 1821 luxu
839 1812 851 1829 ‚
881 1795 928 1822 ac
948 1780 1114 1823 lascivae
1132 1782 1266 1824 aetatis
1292 1791 1440 1842 captus
1464 1783 1703 1843 illecebris,

336 1848 411 1891 uhi
430 1850 482 1891 ad
502 1848 736 1907 juventutis
753 1859 977 1907 provectus
995 1850 1179 1894 confinia
1197 1853 1338 1895 sobria
1362 1861 1506 1898 mente
1530 1852 1706 1913 resipis-

338 1927 408 1961 cet
431 1934 441 1960 :
466 1927 668 1976 tanquam
701 1920 902 1971 confusus
935 1921 1075 1964 animo
1096 1955 1108 1972 ,
1144 1938 1330 1980 quonam
1365 1926 1495 1968 modo
1534 1925 1708 1969 erubes-

336 1990 472 2032 cenda
508 1991 706 2047 deponat,
743 1998 786 2032 et
805 1991 929 2048 plena
962 1992 1184 2050 probitatis
1209 2003 1410 2045 assumat,
1448 1995 1523 2038 diu
1558 2009 1706 2040 secum

339 2060 471 2103 volvit
489 2076 501 2108 ;
533 2068 575 2102 et
603 2060 776 2103 diversis
808 2060 1020 2104 fluctuans
1050 2063 1378 2121 cogitationibus
1417 2065 1546 2109 librat
1578 2074 1707 2124 atque

340 2131 568 2180 examinat,
606 2131 823 2188 superiora
854 2132 1123 2183 obliviscens,
1162 2144 1205 2178 et
1238 2152 1287 2179 ea
1307 2151 1402 2194 quae
1430 2145 1530 2180 sunt
1563 2136 1707 2196 priora

341 2209 563 2260 appetens,
601 2204 963 2259 quemadmodum
994 2205 1105 2247 viam
1133 2221 1254 2249 suam
1277 2207 1482 2266 corrigat,
1505 2206 1708 2251 offensio-—

341 2287 525 2329 nemque
544 2273 888 2317 adolescentioris
904 2275 1036 2317 aetatis
1059 2277 1165 2318 seria
1185 2277 1419 2335 juventutis
1439 2279 1579 2322 fronte
1599 2294 1708 2337 prae-
1778 2331 1781 2334 ,

345 2351 470 2386 texat.
495 2344 615 2386 Unde
636 2360 690 2387 ne
707 2345 779 2387 diu
800 2346 966 2389 dubitet
992 2346 1264 2404 hujusmodi,
1283 2358 1326 2393 et
1347 2350 1513 2395 incerto
1529 2350 1705 2407 haereat,

345 2414 416 2455 dat
436 2413 647 2471 Propheta
678 2415 930 2465 consilium,
964 2417 1082 2473 quasi
1113 2433 1212 2460 cum
1243 2435 1295 2462 eo
1317 2420 1408 2479 ipse
1429 2407 1668 2479 deliberans
1689 2437 1704 2472 3
1752 2411 1760 2420 ⁸

339 2492 449 2526 tunc
477 2484 591 2526 enim
621 2486 853 2530 salubriora
884 2487 1057 2530 consilia
1089 2489 1301 2532 credimus
1321 2523 1333 2540 ,
1367 2491 1401 2534 si
1431 2492 1708 2550 propensiore

346 2553 622 2598 meditatione
652 2556 886 2599 examinata
915 2556 1150 2601 videantur.
1193 2558 1277 2602 Sed
1305 2560 1394 2619 ipsa
1433 2563 1705 2607 deliberatio-

388 2652 403 2688 ρ
419 2645 515 2678 Rom.
533 2656 604 2685 vm,
621 2645 675 2680 32.
690 2664 731 2673 —
751 2657 764 2671 ²
784 2647 866 2681 Psal.
882 2658 939 2687 xv,
957 2659 1005 2681 ιο.
1020 2667 1061 2674 -
1078 2651 1094 2675 3
1105 2650 1159 2684 ld.
1173 2660 1289 2691 cxviii,
1301 2662 1332 2694 9.
