1800 3236
394 290 445 321 10
939 287 970 316 S·
1009 286 1201 314 AMBROSII

391 374 578 424 paratam
599 364 866 410 occasionem
882 363 1093 422 potiendi,
1119 363 1309 420 explorat
1333 362 1722 421 diligenter-omnia
1735 395 1749 419 ,

390 437 434 480 in
477 436 687 480 diversum
732 437 877 477 oculos
907 448 1028 484 suos,
1065 432 1303 477 incuriosus
1323 432 1518 491 justitiae,
1552 434 1754 483 sollicitus

391 495 512 553 'famae
528 542 538 558 ,
558 510 783 565 detorquet
806 507 1050 566 frequenter
1062 537 1074 554 ‚
1094 505 1309 549 erubescit
1330 505 1623 553 testimonium
1640 521 1756 553 erru-

390 569 468 628 ris,
493 579 565 638 qui
589 594 674 622 non
697 578 910 622 erubescit
931 592 1119 621 errorem
1140 592 1150 619 ε
1177 591 1225 620 ac
1246 577 1280 619 si
1309 591 1437 634 quem
1457 572 1567 622 sorte
1593 586 1757 636 specta·-

390 659 526 693 torem
548 649 792 707 cognoverit
812 648 1010 691 facinoris
1039 643 1125 697 sui,
1148 647 1407 691 verecundia
1428 655 1667 706 sequestrat
1689 648 1754 692 in-

391 720 741 778 temperantiam;
765 727 807 761 et
837 719 1028 776 quamvis
1063 732 1163 760 cum
1190 716 1249 774 (4)
1274 718 1428 761 ancilla
1449 718 1518 762 vel
1531 717 1758 769 meretrice

392 789 579 848 vulgari,
604 790 679 832 uhi
703 787 868 833 nullum
891 790 944 833 sit
964 788 1311 848 deprehendendi
1335 788 1600 846 periculum,
1623 796 1760 831 tenta-

391 869 535 902 menta
558 860 756 902 moliatur
772 859 958 903 libidinis
969 894 979 910 ,
996 860 1160 917 pudore
1174 867 1317 900 tamen
1331 858 1565 916 incoeptum
1576 858 1756 904 deserit:

391 938 550 987 quanto
575 930 707 988 magis
727 930 761 972 si
785 930 877 987 quis
899 932 1049 972 allevet
1074 929 1228 973 mentis
1249 929 1420 978 oculos,
1445 936 1487 971 et
1519 929 1761 973 consideret
1792 947 1798 952 ¹

391 1001 515 1058 plena
534 1015 623 1043 esse
643 1000 904 1058 Angelorum
921 999 1062 1043 omnia
1078 1032 1091 1049 ‚
1115 1003 1210 1042 ae'ra
1227 1031 1238 1047 ,
1262 1007 1394 1042 terras
1407 1031 1421 1048 ,
1442 1013 1560 1041 mare
1574 1030 1586 1047 ,
1609 998 1762 1043 Eccle-

394 1069 474 1111 sias
490 1102 502 1119 ‚
525 1070 678 1127 quibus
698 1070 849 1128 Angeli
868 1078 1055 1127 praesunt
1078 1069 1092 1126 (
1116 1068 1246 1111 mittit
1264 1068 1379 1111 enim
1397 1068 1606 1113 Dominus
1618 1065 1763 1127 Ange-

392 1141 456 1184 los
477 1156 573 1183 suos
597 1142 650 1184 ad
670 1140 958 1184 defensionem
990 1155 1138 1182 eorum
1158 1173 1169 1190 ‚
1204 1139 1277 1196 qui
1305 1139 1494 1183 haeredes
1507 1138 1644 1183 ‘futuri
1665 1146 1764 1182 sunt

393 1212 698 1269 promissorum
720 1211 985 1268 coelestium)
1013 1219 1220 1268 concepto
1242 1218 1382 1269 potest
1397 1210 1644 1256 renuntiare
1667 1224 1764 1268 pee-

397 1281 530 1324 cato?
554 1283 673 1325 Unde
704 1282 779 1325 ista
805 1282 930 1324 turha
951 1281 1268 1330 innocentium,
1288 1280 1367 1323 nisi
1389 1295 1443 1324 ex
1462 1279 1543 1324 illis
1563 1287 1765 1339 peccato—

396 1352 545 1396 ribus?
566 1352 725 1394 Eadem
743 1360 892 1394 natura
915 1360 978 1394 est
998 1351 1213 1400 omnium,
1239 1352 1314 1393 sed
1335 1350 1499 1393 diversa
1521 1345 1756 1409 disciplina.

400 1421 678 1465 Circumcisio
694 1421 798 1464 nihil
820 1430 883 1464 est
897 1454 908 1471 ‚
929 1430 972 1465 et
991 1421 1202 1479 gentilitas
1223 1421 1330 1464 nihil
1349 1429 1414 1467 est
1437 1435 1448 1464 τ
1474 1422 1550 1468 sed
1573 1421 1789 1467 observa--

395 1491 454 1534 tio
476 1493 771 1535 mandatorum
785 1492 887 1541 Dei,
911 1501 1071 1537 naturae
1097 1493 1226 1551 ipsius
1244 1500 1368 1550 auget
1399 1492 1592 1550 gratiam.
1617 1491 1766 1538 Merita

397 1571 633 1606 commutat
653 1563 722 1605 ille
743 1563 815 1620 qui
838 1562 939 1606 dicit
964 1580 1008 1604 ει(
1027 1564 1231 1608 Tenebrae
1253 1563 1297 1607 in
1323 1562 1530 1613 circuitu,
1560 1570 1605 1606 et
1625 1562 1768 1620 parie-

396 1641 488 1676 »tes
507 1648 577 1676 me
593 1633 819 1691 operiunt:
844 1643 1120 1692 peccatorum
1144 1649 1338 1679 meorum
1366 1648 1452 1677 non
1484 1633 1566 1677 erit
1599 1647 1766 1680 memor

401 1721 418 1743 ι
432 1702 709 1745 ΑΙῐίεείωιιε’.
734 1722 750 1742 ιι

460 1771 516 1816 X.
549 1772 642 1816 Non
665 1773 869 1816 reveritus
891 1789 1001 1816 esses
1017 1773 1277 1832 Angelorum
1299 1774 1566 1833 praesentiam
1580 1808 1592 1825 ,
1612 1774 1647 1825 si
1661 1789 1766 1837 prae-

403 1852 542 1888 sentes
573 1854 663 1886 esse
702 1844 931 1886 crederes?
953 1844 1047 1888 Non
1074 1852 1302 1891 metueres,
1326 1860 1411 1890 non
1438 1845 1578 1891 dicam
1604 1843 1761 1898 faeere,

402 1915 476 1957 sed
496 1913 634 1972 loqui,
661 1922 732 1956 aut
753 1914 880 1956 etiam
907 1914 1093 1972 cogitare
1110 1916 1226 1972 quod
1245 1930 1424 1973 pravum
1445 1923 1509 1968 est
1526 1948 1540 1965 ‚
1562 1915 1596 1962 si
1613 1915 1692 1963 tihi
1706 1915 1768 1961 di·

400 1984 496 2026 vina
517 1983 733 2042 Scriptu'ra
755 1985 949 2027 suasisset
966 2019 977 2034 ,
1003 1986 1100 2042 quia
1125 1986 1239 2028 Deus
1266 1987 1574 2044 cogitationum
1591 1985 1766 2034 arbiter,

404 2063 666 2097 secretorum
689 2055 804 2097 testis
827 2064 890 2097 est
911 2070 1063 2105 verax,
1097 2058 1205 2101 sicut
1244 2056 1325 2115 ipsi
1346 2057 1429 2101 ait:
1447 2074 1464 2096 α
1488 2056 1635 2106 Estote
1664 2055 1771 2098 mihi

410 2144 427 2166 »
440 2134 566 2168 testes
581 2158 592 2174 ‚
616 2134 660 2167 et
683 2141 761 2183 ego
785 2126 900 2168 testis
918 2157 930 2174 ,
951 2126 1053 2168 dicit
1072 2126 1279 2170 Dominus
1300 2128 1438 2177 Deus,
1463 2136 1506 2171 et
1526 2142 1770 2186 puermeus

395 2213 423 2256 q»
437 2210 562 2253 quem
586 2195 750 2253 eleg12?
766 2196 1020 2238 »Hominem
1047 2197 1203 2251 vereris
1226 2207 1476 2255 praesentem
1489 2230 1505 2247 „
1533 2197 1614 2241 Dei
1638 2196 1771 2241 Patris

405 2273 448 2307 et
467 2264 562 2308 Filii
584 2279 669 2306 non
688 2265 843 2308 vereris
865 2266 1159 2323 praesentiam?
1182 2267 1267 2310 Sed
1300 2282 1385 2312 non
1404 2267 1464 2311 vis
1486 2268 1687 2317 eredere,
1716 2281 1771 2309 ne

407 2335 540 2396 possis
564 2351 744 2378 cavere:
776 2343 862 2378 non
888 2337 948 2379 vis
981 2338 1147 2386 audire,
1181 2353 1281 2382 cum
1315 2338 1494 2396 legitur,
1519 2338 1616 2397 quia
1653 2339 1769 2386 Deus

408 2405 526 2448 novit
546 2407 714 2448 occulta
736 2407 983 2455 hominum:
1017 2423 1071 2451 ne
1103 2408 1278 2466 incipias
1300 2408 1408 2451 scire
1443 2409 1560 2468 quod
1594 2408 1794 2475 timeas,¹

406 2483 459 2523 ret
496 2475 645 2527 timere
670 2491 723 2518 ne
754 2491 918 2538 pecces.
945 2477 1056 2521 Audi
1071 2493 1170 2536 ergo
1202 2478 1474 2537 scripturam
1493 2478 1770 2531 divinamfiut

395 2545 674 2609 *convertaris
697 2561 719 2589 a
738 2547 802 2589 via
824 2562 951 2613 prava
970 2556 1013 2597 et
1032 2549 1227 2609 maligna.
1249 2549 1344 2600 Noli
1360 2549 1472 2602 sieut
1502 2562 1772 2616 effusoqu-

459 2647 469 2662 ⁸
491 2638 591 2671 Eccli.
613 2649 708 2678 xxiii,
729 2640 780 2673 26.
795 2657 837 2665 —-—
857 2651 871 2665 ⁸
894 2642 970 2673 lsai.
986 2652 1079 2678 xmu,
1098 2651 1145 2675 ιο.
