1800 3236
369 232 457 284 384
919 243 950 271 s-
976 240 1181 272 'Amnnosu

368 323 494 368 »filiis
514 323 665 368 Israel.
694 321 736 365 in
758 336 808 364 eo
830 322 943 379 quod
963 322 1184 364 aemulatus
1207 328 1270 364 est
1290 321 1427 364 zelum
1451 337 1595 366 meum
1617 323 1660 367 in
1678 323 1730 368 il-

369 397 448 442 »lis
477 412 487 439 :
514 403 557 439 et
589 409 674 438 non
706 392 995 436 consummavi
1026 392 1133 436 filios
1155 393 1283 435 Israel
1304 392 1345 435 iu
1368 394 1459 436 zelo
1471 387 1597 444 meo,
1621 395 1733 439 sicut
1787 409 1795 416 ⁸

371 488 387 511 n
402 466 516 512 dixit.
544 466 657 509 Ecce
678 480 754 522 ego
773 464 827 506 do
849 463 887 506 ei
905 471 1204 506 testamentum
1222 463 1357 522 pacis,
1381 473 1423 508 et
1438 465 1517 508 erit
1535 465 1594 508 illi
1608 474 1652 509 et
1671 482 1733 509 se·

372 538 505 584 »mini
532 537 623 595 ejus
650 544 745 594 post
774 550 873 581 eum
902 534 1221 578 Testamentum
1243 535 1467 578 sacerdotii
1491 530 1697 580 aeternum
1716 568 1730 587 ‚

372 630 389 653 »
403 617 575 670 propter
597 606 711 664 quod
730 605 1035 651 aemulatusest
1054 606 1192 649 Deum
1213 621 1338 669 suum
1353 638 1366 656 ,
1397 615 1441 650 ct
1469 622 1556 649 non
1584 621 1734 650 exora-

371 703 387 723 »
404 682 461 724 vit
475 695 551 739 pro
568 677 663 720 filiis
685 675 852 719 Israe‘l'.
876 694 892 717 ι
908 675 1020 719 Caesa
1043 675 1243 733 jacebant
1264 677 1407 734 viginti
1430 686 1612 735 quatuor
1637 677 1735 722 mil-

369 755 425 806 lia
445 751 702 812 poimlorum
723 764 731 791 ε
759 748 960 791 tendebat
984 763 1110 806 poena
1132 748 1174 790 in
1203 764 1372 798 omnes,
1399 764 1478 792 nec
1509 750 1618 792 ullus
1639 748 1735 793 finis

371 823 502 869 exitii.
525 820 715 879 Arripuit
730 819 978 862 siromasten
993 818 1195 869 Phincos,
1217 821 1321 862 duos
1338 820 1496 864 occidit
1512 820 1736 864 interdicta

372 895 451 941 sibi
470 889 775 937 consuetudine
797 891 1015 948 copulatos
1031 922 1041 938 ‚
1071 890 1251 932 redemit
1272 905 1418 934 omues
1437 924 1448 942 ,
1478 891 1737 950 indignatio-

371 983 471 1013 nem
492 963 660 1009 Domini
678 955 883 1020 mitigavit
899 995 909 1011 ‚
934 961 1049 1004 dedit
1066 961 1285 1005 victoriam
1302 963 1456 1020 quibus
1477 963 1659 1022 negabat
1676 979 1737 1007 sa-

373 1040 521 1083 lutem.
549 1036 690 1088 Quam
717 1032 908 1076 salutaris
931 1041 993 1076 est
1014 1032 1233 1091 igitur-Dei
1260 1033 1402 1077 zelus?

431 1108 508 1153 XI.
547 1107 640 1150 Non
663 1104 787 1147 unius
809 1100 1012 1161 temporis
1033 1104 1138 1157 illud
1159 1104 1307 1147 vitium
1331 1104 1409 1148 suit
1429 1121 1438 1148 ε
1459 1113 1503 1158 et
1521 1119 1638 1148 nunc
1656 1104 1740 1150 Ma-

375 1178 541 1224 dianitis
574 1177 776 1219 miscetur
798 1174 961 1218 Judaeo.
1002 1175 1239 1219 Madianitis
1272 1184 1360 1226 est,
1393 1192 1486 1234 quae
1524 1176 1640 1219 nullo
1677 1183 1741 1220 est

375 1248 515 1293 uxoris
539 1246 734 1305 legit-imm
756 1246 950 1303 copulata
971 1245 1171 1304 conjugio
1185 1279 1196 1295 ‚
1221 1247 1337 1289 nullo
1355 1239 1455 1290 fidei
1476 1246 1624 1304 juncta
1643 1260 1742 1289 con-

375 1319 518 1364 sortio.
549 1315 786 1360 Madianitis
806 1324 869 1358 est
885 1316 1179 1359 haereticorum
1198 1316 1373 1375 perfidia
1391 1351 1403 1368 ‚
1422 1332 1522 1362 cum
1537 1318 1745 1376 populum

374 1391 452 1436 Dei
482 1397 629 1433 tentat.
666 1389 806 1441 Quam
828 1387 973 1431 mullis
994 1389 1159 1447 populis
1181 1389 1382 1432 meretrix
1413 1389 1490 1432 ista
1514 1388 1654 1433 feralis
1685 1389 1744 1431 ir-
1788 1428 1793 1429 ⁷

374 1463 504 1522 repsit
524 1495 536 1513 ,
575 1476 668 1518 quae
702 1458 875 1518 publico
911 1459 1059 1502 sunere
1095 1467 1234 1502 totum
1274 1462 1482 1519 populum
1523 1459 1744 1504 communi

374 1543 513 1585 morte
537 1529 788 1585 tumulavit?
811 1527 920 1573 Veni
937 1538 980 1573 et
1005 1546 1120 1574 nunc
1138 1564 1147 1579 ‚
1166 1532 1345 1574 Phinees
1361 1565 1372 1582 ,
1397 1531 1536 1590 arripe
1556 1531 1743 1590 gladium

375 1604 516 1659 verbi,
542 1600 734 1645 interfice
764 1599 1006 1660 perfidiam,
1031 1601 1223 1660 jugulato
1246 1602 1463 1646 haeresim:
1492 1618 1547 1647 ne
1572 1610 1744 1662 propter
1799 1618 1800 1651 3

377 1693 469 1720 eam
486 1676 666 1734 populus
688 1672 908 1715 universus
936 1672 1125 1716 intereat.
1156 1675 1285 1733 Urget
1315 1675 1376 1717 ira
1407 1674 1612 1725 coelestis,
1645 1689 1744 1733 per-
1799 1663 1800 1672 ἵ

378 1756 476 1806 cute
501 1747 632 1805 ipsam
659 1744 826 1787 vulvam
847 1743 1095 1802 impietatis,
1116 1745 1514 1803 generatoriumque
1527 1743 1740 1805 perfidiae3

377 1833 432 1862 ne
456 1824 599 1876 partus
629 1814 837 1857 formetur
860 1813 1033 1865 infelix,
1069 1831 1124 1858 ne
1149 1816 1385 1859 adulterina
1407 1815 1630 1874 conceptio
1659 1814 1743 1859 dif-

368 1888 526 1937 fundat
553 1885 825 1929 seminarium
853 1886 1208 1943 praevaricationis
1239 1897 1282 1931 et
1303 1887 1472 1931 sceleris
1481 1903 1495 1937 3
1518 1895 1566 1933 ut
1591 1885 1741 1930 Domi-

375 1975 455 2004 nus
475 1967 618 2011 tecum
636 1964 790 2000 statuat
808 1964 1106 1999 testamentum
1124 1957 1261 2016 pacis,
1279 1966 1322 2002 et
1334 1965 1635 2001 testamentum
1651 1971 1742 2015 gra-

376 2032 442 2075 tiae
457 2063 469 2080 ,
487 2037 786 2074 testamentum
803 2029 1130 2087 promissionum
1150 2030 1399 2073 coelestium.
1417 2029 1568 2075 Zelum
1584 2028 1741 2071 habere

375 2104 503 2153 debet
531 2103 750 2151 sacerdos,
781 2100 851 2158 qui
874 2100 1166 2159 incorruptam
1188 2117 1355 2145 servare
1377 2102 1519 2144 studet
1539 2099 1739 2148 Ecclesia}

370 2176 636 2223 castitatem3
667 2173 719 2216 Et
742 2172 836 2215 ideo
866 2171 1067 2231 Princeps
1098 2175 1370 2216 sacerdotum
1401 2172 1505 2216 dicit
1544 2187 1586 2216 :u
1612 2170 1739 2216 Zelus

373 2249 556 2290 »domus
578 2247 658 2288 tua:
693 2243 907 2287 devoravit
936 2242 1048 2285 me².
1082 2243 1164 2285 »Et
1194 2243 1374 2287 Phinees
1408 2230 1603 2286 sacerdos
1623 2249 1737 2291 erat,

372 2326 417 2362 et
444 2332 574 2375 nepos
600 2314 854 2364 sacerdotis,
878 2321 921 2356 et
942 2312 1053 2356 filius
1080 2315 1324 2358 sacerdotis.
1356 2314 1501 2358 Bonus
1523 2313 1637 2362 zelus
1647 2343 1660 2362 ‚
1696 2319 1739 2354 et

376 2389 490 2432 utilis
511 2388 552 2431 in
575 2385 793 2430 sacerdote
810 2400 819 2427 :
838 2384 1048 2443 praecipuc
1065 2399 1121 2427 ne
1137 2386 1369 2443 negligens,
1384 2400 1437 2428 ne
1453 2384 1652 2427 remissus
1667 2382 1733 2425 sit.

372 2459 519 2505 Melius
540 2465 665 2502 estut
686 2457 834 2506 unius,
858 2463 930 2498 aut
951 2455 1134 2496 duorum
1158 2454 1428 2508 damnatione
1449 2446 1738 2513 plurimilibe-

373 2539 543 2580 rentur,
566 2543 695 2587 quam
718 2529 901 2571 duorum
919 2525 1184 2590 absoiutione
1201 2527 1344 2585 plures
1363 2523 1672 2584 periclitentur.

417 2631 435 2657 .¹.
452 2623 551 2657 Num.
573 2633 647 2665 xxv,
668 2621 782 2656 11-15.
797 2638 839 2646 -
857 2620 991 2665 ‚¹„Joan.
1007 2629 1045 2661 ιι,
1062 2626 1112 2662 ¹5.
