1800 3236
429 336 645 368 nxrosnuo
675 337 720 369 m
750 339 938 370 rsnunu
969 342 1112 372 cxviii.
1359 330 1444 391 337

88 428 187 458 eum
209 428 286 475 pro
304 412 474 459 Christo
490 416 614 467 mori,
636 431 722 460 non
742 433 841 461 eum
856 418 1115 478 relinqueret
1132 428 1205 464 aut
1224 422 1438 480 negaret&

88 486 304 531 Tollamus
325 502 427 547 ergo
446 503 623 532 crucem
643 489 837 539 Domini,
861 506 955 549 quae
978 491 1163 550 configat
1184 507 1333 536 carnes
1358 509 1451 537 nos-

89 564 200 607 tras,
230 567 456 616 peccatum
481 561 685 603 destruat.
714 560 789 604 Est
815 560 943 604 timor
967 562 1039 620 qui
1065 562 1242 622 configit
1261 578 1412 606 carnes
1436 578 1446 606 :

99 647 120 668 ι
139 628 228 673 Nisi
244 629 336 688 quis
352 630 498 674 tulerit
518 645 693 675 crucem
709 647 846 682 suam,
869 641 913 676 et
927 642 1098 678 secutus
1111 650 1184 678 me
1199 635 1341 686 suerit,
1365 650 1452 679 non

91 707 187 743 »ost
204 713 276 743 me
296 701 448 760 dignus
460 700 492 745 ².
514 720 531 743 ι
562 702 640 745 Ille
661 703 775 746 enim
804 704 957 763 dignus
980 706 1054 763 qui
1075 706 1204 750 habet
1224 707 1382 751 Christi
1402 708 1456 751 ti·

90 773 285 823 morem3
314 782 364 816 ut
387 771 609 833 crucifigat
644 776 814 819 carnale
833 768 1071 835 peccatum.
1100 778 1225 822 Hunc
1258 779 1457 823 timorem

92 843 285 901 sequitur
298 843 498 895 charitas,
522 860 615 902 quae
641 848 888 905 consepulta
909 848 1199 893 cumChristo
1216 865 1302 893 non
1325 851 1460 894 divel-

92 914 206 958 latur
225 929 249 958 a
266 913 451 964 Christo,
469 915 677 959 moriatur
699 916 743 960 in
761 917 947 969 Christo,
972 922 1252 965 attumuletur
1268 921 1456 974 Christe,

93 993 285 1044 resurgat
308 1001 408 1029 cum
427 985 609 1030 Christo.

162 1554 195 1599 I.
229 1555 391 1599 lxcnur
422 1554 563 1599 littera
583 1554 889 1598 decima-sexta
913 1554 1034 1602 Ain,
1058 1552 1181 1611 cujus
1202 1553 1470 1612 interpreta-

105 1624 168 1668 tio
189 1634 254 1669 est
269 1658 282 1677 ,
311 1643 328 1666 ι
349 1625 512 1670 Oculus
532 1659 543 1676 ‚
563 1645 580 1666 ι
611 1625 698 1669 sive
730 1643 748 1663 ι
761 1625 888 1683 Fons.
915 1642 932 1665 ι
959 1624 1121 1667 Oculus
1143 1624 1278 1667 utitur
1299 1623 1472 1667 videndi

108 1700 288 1740 munere
311 1711 323 1739 ε
347 1697 423 1741 sed
443 1712 555 1756 saepe
575 1696 771 1740 videmus
787 1711 837 1739 ea
859 1710 952 1754 qua:
972 1696 1266 1754 complacent,
1291 1703 1335 1738 et
1363 1709 1474 1753 saepe

109 1780 203 1823 quse
225 1765 449 1826 displicent
473 1782 484 1810 :
507 1767 647 1811 necin
663 1782 714 1810 eo
733 1766 846 1810 oculi
861 1774 927 1809 est
953 1767 1019 1809 vel
1043 1767 1168 1824 culpa
1191 1766 1257 1809 vel
1277 1764 1469 1824 probitas

106 1850 187 1894 pro
210 1851 359 1880 eorum
380 1837 580 1895 qualitate
600 1853 695 1896 quae
716 1836 890 1886 viderit3
912 1836 1026 1880 oculi
1046 1844 1111 1879 ost
1133 1835 1250 1878 enim
1280 1834 1472 1878 officium

16 1907 28 1919 ³
107 1906 303 1950 nuntiare
325 1909 441 1966 quod
468 1907 634 1951 viderit.
672 1907 747 1951 Est
768 1923 868 1950 sane
883 1909 951 1950 vel
976 1906 1135 1950 offensa
1156 1908 1223 1950 vel
1252 1905 1385 1966 gratia
1401 1938 1413 1955 ,
1438 1905 1474 1948 si

106 1986 180 2022 aut
209 1979 446 2022 delectetur
481 1979 710 2028 suavibus,
753 1987 826 2021 aut
855 1978 1097 2022 offendatur
1129 1978 1326 2022 adversis.
1371 1976 1473 2020 Ideo

0 2058 35 2085 ⁴
105 2048 351 2107 frequenter
366 2052 516 2093 oculus
532 2048 839 2108 suppliciorum
858 2048 1030 2099 dicitur,
1045 2050 1194 2091 oculus
1210 2047 1470 2098 tentationis,

0 2111 4 2128 ὲ
21 2114 29 2162 Ῐ
108 2119 258 2162 oculus
279 2119 395 2163 hoedi
410 2152 422 2170 ,
445 2121 593 2164 oculus
610 2119 774 2170 vitulae,
794 2120 944 2163 oculus
967 2118 1269 2178 generationis,
1285 2126 1359 2161 aut
1378 2117 1471 2160 fons

109 2189 403 2248 generationis.

166 2261 219 2304 ΙΙ.
255 2261 453 2321 Legimus
487 2262 530 2306 in
555 2262 783 2322 Evangelio
817 2261 914 2320 quia
947 2260 1190 2320 baptizabat
1218 2259 1406 2304 «loannes
1426 2259 1472 2303 in
1530 2273 1533 2276 ·

108 2331 307 2376 Ennon'.
341 2333 495 2377 Ennon
521 2332 1028 2392 oculumrsuppliciorum
1063 2330 1326 2390 interpretati
1353 2338 1464 2374 sunt.
1502 2372 1506 2376 u

27 2438 40 2456 ᾖ
109 2402 258 2463 Itaque
279 2419 407 2448 nemo
427 2399 543 2449 venit
568 2404 903 2464 adbaptismum
918 2436 929 2453 ,
957 2402 1036 2446 nisi
1060 2403 1133 2461 qui
1158 2403 1370 2446 desiderat
1391 2401 1473 2445 sibi

109 2474 282 2532 propria
305 2483 480 2533 peccata
501 2475 689 2525 dimitti,
710 2490 894 2533 quorum
916 2473 1123 2533 supplicia
1146 2473 1275 2516 eorde
1294 2472 1471 2531 provido

111 2543 421 2600 perhorrescat.
461 2546 613 2604 Itaque
638 2545 742 2590 licet
772 2547 921 2588 oculus
942 2543 1250 2603 suppliciorum
1275 2544 1472 2592 dicatum
1546 2584 1549 2587 ⁴

111 2614 380 2672 praevidentis
414 2626 479 2662 est
508 2626 650 2661 tamen
680 2617 888 2676 supplicia
902 2649 913 2667 ‚
948 2630 1035 2659 non
1063 2613 1307 2659 sustinentis
1331 2628 1342 2657 ε
1372 2613 1475 2657 licet

159 2714 168 2730 ¹
191 2706 314 2740 Matth.
331 2719 420 2750 xxx-1,
442 2709 539 2743 35.-
551 2719 565 2736 ο
582 2709 636 2745 ld.
651 2720 743 2750 mi,
759 2707 817 2744 58.
835 2725 877 2735 —-
894 2710 908 2737 ³
927 2708 1023 2744 Joan.
1042 2718 1094 2749 ιιι,
1108 2707 1160 2741 25.
1226 2738 1230 2741 ,

260 2776 358 2806 Lvn.
1280 2776 1332 2805 22
