1800 3236
425 301 643 332 nxrosmo
673 303 716 333 nv
746 303 935 334 »suanm
966 307 1111 337 cxv111.
1358 295 1445 347 433

90 380 221 433 neris,
242 396 322 426 nec
337 380 503 425 divitias
517 381 799 441 requiramus,
818 384 854 427 si
870 385 1065 429 volumus
1080 386 1295 430 Christum
1312 389 1443 447 sequi.

89 445 329 497 E'xinanivit
356 468 416 502 se,
445 468 544 496 cum
565 462 676 497 esset
703 453 746 497 in
767 455 845 498 Dei
866 455 1026 506 forma3
1053 471 1153 500 cum
1182 458 1297 501 dives
1323 468 1449 510 esset,

18 537 24 541 ·
91 537 255 582 pauper
273 522 409 566 sactus
433 531 510 568 est.
538 523 633 567 Noli
658 532 702 567 et
721 532 769 567 tu
795 534 1071 571 contemnere
1095 528 1333 586 plebeium,
1357 530 1455 587 quia

93 594 344 651 nobilises=
377 594 464 637 noli
487 594 704 653 despicere
736 611 930 647 servum,
962 598 1058 655 quia
1088 607 1240 657 potens
1261 613 1336 642 es:
1368 600 1456 644 noli

92 680 323 726 pauperem
340 665 546 716 fastidire,
562 666 660 724 qnia
677 667 793 710 dives
810 683 868 711 es.
885 667 1100 727 Numquid
1117 671 1318 721 nobilior,
1337 685 1460 714 num-

94 736 199 795 quid
227 737 458 796 potentior,
491 736 700 794 numquid
729 738 874 788 ditior,
905 739 1075 782 Christo
1103 740 1177 783 es?
1209 741 1284 783 Ille
1309 756 1386 799 pro
1416 750 1459 784 te

96 809 284 868 suscepit
312 809 403 860 illa,
437 823 532 867 quae
562 816 611 852 tu
638 809 831 868 despicis.
862 809 939 853 Ille
967 826 1043 870 pro
1079 819 1122 854 te
1148 811 1385 855 humiliavit
1417 828 1462 856 so

98 887 234 940 usque
253 882 308 924 ad
326 889 531 932 mortem,
555 889 599 924 et
620 889 803 924 mortem
822 882 961 925 crucis
972 899 985 932 ;
1009 891 1056 925 ut
1077 891 1159 926 tuae
1180 884 1347 942 lapsum
1365 884 1463 927 abo-

98 952 207 996 leret
232 951 466 1011 superbiam
499 960 548 995 ut
582 953 699 1009 quod
726 968 802 1011 per
836 953 962 996 unius
998 954 1100 996 Adae
1132 954 1464 999 inobedientiam

99 1021 434 1080 perdideramus,
453 1037 531 1081 per
543 1022 670 1066 unius
685 1022 856 1065 Domini
877 1022 980 1066 Jesu
1000 1024 1287 1067 obedientiam
1304 1025 1466 1085 recipe-

99 1093 495 1152 remum-Propter
524 1094 639 1151 quod
669 1093 806 1144 Deus,
838 1093 999 1152 inquit,
1030 1095 1151 1138 illum
1181 1092 1393 1145 exaltavit,
1423 1105 1467 1140 et

101 1164 249 1209 »dedit
269 1164 328 1207 illi
347 1178 505 1207 nomen
527 1165 643 1225 quod
665 1172 727 1207 est
748 1179 876 1222 super
900 1179 1028 1208 omne
1048 1180 1232 1215 nomen3
1257 1174 1305 1208 ut
1327 1166 1368 1208 in
1390 1181 1471 1209 no-

101 1234 357 1282 »mineJesu
369 1248 496 1278 omne
510 1250 623 1294 genu
636 1235 887 1279 flectatur...
905 1236 1108 1295 quoniam
1124 1237 1330 1280 Dominus
1344 1237 1469 1280 Jesus

14 1345 23 1359 ,
98 1305 173 1349 »in
187 1305 321 1365 gloria
335 1313 399 1348 est
413 1305 492 1349 Dei
507 1305 685 1349 Patris¹.
709 1325 726 1346 ι
782 1332 784 1334 v

157 1375 314 1421 XV111.
352 1375 608 1427 Considera,
636 1391 662 1418 o
686 1376 833 1427 homo,
859 1376 965 1435 qnid
988 1378 1117 1435 legas.
1146 1377 1240 1422 Non
1263 1375 1470 1422 laboravit

102 1446 333 1506 Apostolus
368 1446 602 1505 potentiam
638 1446 795 1490 Christi
826 1447 1037 1505 probare:
1076 1447 1151 1490 sed
1182 1447 1469 1491 obedientiam

104 1517 363 1577 praedicare:
385 1518 461 1560 sed
482 1516 774 1560 demonstrare
794 1525 951 1575 quanta
973 1517 1027 1560 sit
1047 1516 1297 1560 humilitatis
1316 1518 1466 1576 gratia,

105 1596 291 1646 quantus
320 1587 415 1645 ejus
445 1587 675 1646 profectus.
707 1586 752 1629 Si
774 1586 1035 1645 simplicibus
1066 1587 1247 1646 accipias
1276 1589 1466 1639 auribus,

101 1667 148 1703 et
162 1659 382 1702 Christum
398 1657 608 1701 exaltavit.
630 1656 717 1700 Sed
733 1656 927 1700 Christus
949 1673 1035 1700 non
1056 1673 1148 1715 quae
1168 1662 1262 1709 su'a,
1283 1658 1358 1701 sed
1377 1673 1470 1717 quae

103 1738 179 1775 tua
202 1738 348 1781 erant,
376 1729 445 1773 illa
477 1728 717 1772 humilitate
743 1729 973 1788 quaerebat.
1009 1729 1169 1788 Accipe
1190 1745 1292 1789 ergo
1312 1730 1470 1788 argutis

105 1802 309 1846 auribus:
332 1800 564 1850 moraliter,
594 1799 672 1843 tibi
694 1799 880 1858 profuit:
913 1799 1110 1857 mystice,
1143 1808 1259 1842 tuam
1291 1801 1473 1845 redemit

1 1862 29 1898 ‘⁵-
104 1874 297 1918 salutem.
315 1873 545 1926 Quomodo
554 1870 616 1913 vis
629 1870 840 1928 intellige:
859 1871 970 1913 salus
982 1878 1046 1915 est
1062 1878 1147 1914 tua.
1165 1869 1208 1912 Si
1221 1878 1341 1928 putas
1351 1872 1470 1929 quod

0 1963 34 1997 31².
106 1943 276 1987 Christo
297 1941 458 2002 profuit
481 1940 697 1984 humilitas
723 1954 822 1989 sua,
852 1940 921 1983 cni
947 1955 1049 1998 crgo
1071 1955 1157 1982 non
1177 1940 1398 1998 proderit?
1425 1941 1472 1984 Si

101 2013 229 2058 ‘mum
257 2012 482 2060 exaltavit,
509 2026 639 2069 quem
667 2025 754 2053 non
782 2008 980 2069 augebit?
1005 2010 1162 2053 Factus
1188 2019 1253 2053 est
1277 2011 1471 2054 minister

0 2098 2 2100 ’
37 2099 43 2102 ’“
106 2084 299 2128 omnium
312 2083 536 2132 Dominus,
559 2089 604 2125 et
622 2089 772 2124 auctor
786 2081 979 2123 omnium
1001 2080 1228 2138 vapulavit,
1252 2081 1380 2138 pedes
1401 2083 1467 2124 la-

0 2153 42 2210 J
107 2157 184 2206 vit,
207 2154 434 2200 crucifixus
453 2161 532 2203 est,
556 2161 751 2196 mortuus
771 2160 847 2194 est.
874 2150 960 2194 Sed
980 2151 1023 2193 in
1044 2151 1107 2194 his
1127 2150 1325 2194 omnibus
1342 2153 1468 2196 detri-

109 2236 301 2271 mentum
317 2227 482 2269 nauum
499 2224 620 2267 video
630 2223 866 2266 Divinitatis
881 2221 990 2280 ejus,
1008 2221 1246 2280 profectum
1262 2224 1469 2281 operatio·

0 2292 45 2329 *.
108 2297 175 2342 ὠ,
193 2306 387 2357 ‘agnosco-
409 2295 495 2348 Qui
516 2294 623 2337 nihil
642 2293 842 2341 habebat,
864 2293 981 2350 quod
1000 2292 1054 2334 ad
1075 2299 1326 2350 potestatem
1343 2309 1462 2339 suam

113 2369 302 2417 adderet,
321 2365 471 2410 habuit
485 2365 599 2423 quod
615 2365 668 2406 ad
683 2365 846 2406 cultum
860 2377 945 2405 suae
956 2361 1186 2418 majestatis
1198 2362 1460 2422 adjungeret.

114 2435 263 2484 Audeo
287 2437 459 2482 dicore:
482 2433 750 2494 operationis
780 2449 866 2476 suae
897 2447 1053 2475 munus
1079 2431 1294 2483 amiserat,
1323 2435 1401 2478 nisi
1423 2438 1467 2482 id

113 2505 329 2549 humilitas
339 2505 580 2565 recepisset.
598 2505 744 2562 Itaque
762 2519 839 2546 nos
859 2503 1031 2561 quidem
1042 2503 1238 2552 redemit,
1251 2505 1326 2547 sed
1340 2506 1470 2552 etiam

116 2576 196 2621 sibi
223 2576 455 2635 acquisivit.
487 2575 601 2620 Nihil
626 2589 729 2634 ergo
757 2574 972 2618 humilitas
999 2572 1121 2616 affert
1147 2565 1367 2632 dispendii.
1393 2577 1469 2623 Ille

163 2674 176 2691 ¹
194 2666 318 2710 Philip.
335 2677 375 2706 n,
388 2677 478 2710 9·¹¹·
1446 2670 1450 2672 —

267 2736 363 2765 mm.
1266 2723 1323 2766 ²8
