1800 3236
321 347 407 405 376
670 343 674 349 “
871 358 903 387 s.
945 355 1134 387 Aiinnosu

324 443 427 484 dcns
441 456 462 483 a
473 438 652 488 Libano,
663 446 704 481 et
716 452 895 496 magnus
910 436 1092 494 impetus
1105 436 1174 494 qui
1193 451 1410 495 nunquam
1423 435 1580 480 deficit.
1593 433 1688 480 Non

325 513 439 557 enim
463 511 668 573 deficiunt
685 512 737 553 de
752 518 870 568 petia
887 509 1035 559 ubera,
1055 524 1194 570 neque
1216 509 1287 552 nix
1303 502 1518 555 aLibnno¹
1528 522 1691 565 ,neque

330 600 438 650 aqua
463 598 554 641 qum
576 582 709 624 fertur
727 597 746 622 v
754 580 804 622 'ili
810 582 863 634 io
879 588 1005 623 vento
1028 579 1116 638 wir«
1119 579 1197 622 inis
1215 580 1489 623 Hierusalem.
1502 579 1694 625 Descen-

330 657 391 699 dit
408 655 591 712 impetus
616 647 637 694 a
659 651 836 714 Libano,
858 653 1028 709 quando
1053 651 1276 694 collectis
1265 667 1307 694 m
1328 666 1460 694 unum
1482 649 1694 710 Apostolis

331 735 371 771 et
396 724 590 785 plurimis
609 711 898 772 credentibus,
926 722 1062 765 sactus
1087 730 1150 765 est
1171 721 1311 766 subito
1335 723 1387 766 de
1407 724 1515 774 coelo
1541 737 1695 772 sonus,

331 805 537 854 tanquam
558 794 598 838 vi
617 810 766 852 magna
787 793 967 852 Spiritus
988 793 1184 843 serretur,
1202 802 1245 837 et
1262 794 1411 853 repleti
1432 802 1530 844 sunt
1550 808 1698 838 omnes

333 866 495 925 Spiritu
527 873 676 927 sancto
716 863 978 908 ‹livcisiiates
1019 864 1202 907 donante
1231 863 1524 923 linguarum&
1555 863 1700 911 Bonus

332 937 544 995 impetus,
568 935 642 994 qui
661 935 815 979 laedere
838 935 1015 983 nesciat,
1039 935 1152 997 norit
1178 935 1367 994 implete.
1407 988 1410 990 Ι

392 1007 578 1051 XXXII.
618 1005 661 1048 Si
690 1006 781 1063 quis
803 998 930 1064 igitur
951 1005 1064 1048 hunc
1091 1005 1299 1064 impetum
1324 987 1658 1064 supervenientis
1680 1020 1704 1048 e

335 1080 444 1124 coelo
474 1077 618 1137 gratiae
640 1077 730 1120 vult
752 1072 932 1126 mereri,
949 1069 1194 1120 descendat
1222 1076 1350 1136 etiam
1377 1076 1472 1135 ipse
1504 1076 1673 1119 oculis
1663 1091 1706 1120 in

340 1153 545 1194 decursus
573 1162 793 1206 aquarum.
826 1147 911 1200 Qui
943 1147 1058 1190 hunc
1082 1148 1267 1206 primum
1290 1147 1497 1206 impetum
1514 1146 1672 1201 fuderit
1696 1178 1707 1196 ‚

339 1222 460 1265 illum
477 1219 726 1262 merebitur.
746 1212 980 1260 Descendit
997 1218 1131 1259 oculis
1154 1217 1239 1260 suis
1257 1218 1298 1260 in
1319 1218 1400 1261 hos
1415 1220 1569 1262 ductus
1586 1232 1712 1276 aqua-

341 1302 457 1341 rum,
481 1305 575 1348 quae
595 1278 795 1347 lacrymis
812 1288 999 1346 irrigavit
1021 1288 1062 1330 in
1079 1287 1306 1347 Evangelio
1323 1289 1494 1331 Domini
1513 1288 1643 1348 pedes
1658 1287 1670 1310 ⁸
1697 1303 1708 1331 ε

345 1372 389 1407 et
410 1364 504 1405 ideo
530 1360 628 1403 fidei
659 1374 743 1402 suae
769 1359 905 1418 pretio
928 1359 1032 1402 emit
1053 1359 1339 1409 animae'suae,
1363 1368 1417 1419 et¹
1437 1360 1626 1419 corporis
1643 1375 1713 1421 ‚sa-

343 1433 521 1478 nitatem
538 1431 625 1489 jam
646 1446 732 1473 non
757 1429 970 1488 sanguinis
992 1429 1156 1487 prossua
1171 1430 1183 1451 ί·
1202 1463 1214 1479 ,
1235 1432 1308 1491 sed
1334 1431 1478 1489 gratiae
1500 1430 1712 1490 spiritalis.

409 1502 619 1553 XXXIII,
650 1501 880 1544 Descendit
902 1516 1003 1559 crgo
1025 1501 1159 1544 David
1176 1502 1383 1560 propheta
1396 1518 1408 1552 3
1427 1501 1522 1545 ideo
1540 1503 1592 1545 de
1618 1517 1722 1561 pec-

349 1582 444 1617 cato
472 1572 651 1631 gratiam
674 1572 832 1623 retulit.
869 1571 1100 1615 Descendit
1128 1572 1170 1615 in
1194 1588 1400 1630 aquarum
1431 1574 1612 1623 ductus,
1639 1573 1722 1621 hoc

351 1654 416 1689 est
430 1679 440 1695 ,
460 1643 639 1703 replevit
661 1658 732 1686 eos
746 1676 757 1693 ,
787 1652 829 1686 et
853 1634 1173 1706 decurrentium·
1194 1659 1400 1702 aquarum
1420 1645 1619 1704 lacrymis
1638 1645 1724 1688 suis

353 1718 513 1762 fluenta
546 1714 779 1757 cumulavit
804 1730 814 1756 ε
846 1723 917 1757 aut
939 1714 1083 1757 inanes
1111 1724 1153 1758 ct
1175 1730 1334 1763 vacuos
1350 1716 1514 1773 'ductus
1536 1715 1634 1759 solis
1655 1730 1726 1758 re,-

356 1787 489 1848 plevit
511 1786 680 1829 ssetibus
708 1800 718 1826 :
747 1793 817 1826 aut
840 1786 955 1842 quod
972 1785 1224 1828 elocutionis
1246 1787 1418 1830 moralis
1440 1786 1613 1844 quidam
1629 1793 1728 1829 'sen-e

360 1874 429 1901 sus
456 1856 658 1905 ostendit,
685 1855 905 1898 descendit
927 1855 970 1897 in
993 1871 1198 1913 aquarum
1223 1857 1403 1907 ductus,
1426 1856 1617 1900 transivit
1637 1871 1722 1899 eos.

361 1930 415 1972 Et
448 1942 667 1987 possemus
703 1926 879 1968 dicere:
912 1921 1192 1971 Transcendit
1225 1943 1296 1970 cos
1318 1961 1330 1977 ‚
1365 1935 1407 1970 ct
1437 1942 1730 1985 supergressus

362 2007 425 2041 est
449 2016 461 2048 3
486 1999 561 2040 sed
584 1997 791 2040 minuitur
823 1997 884 2040 vis
914 1997 1099 2055 eloquii,
1135 2013 1219 2055 quo
1252 1997 1312 2040 vis
1342 1995 1481 2055 major
1506 1996 1731 2041 affluentiae

363 2067 661 2112 descendentis.
677 2101 688 2117 ‚
715 2083 843 2124 quam
867 2068 1135 2111 ascendentis
1160 2067 1425 2126 exprimitur.
1447 2066 1576 2116 Vide,
1597 2067 1728 2124 rogo,

364 2140 468 2197 quid
495 2141 546 2181 de
565 2154 646 2180 usu
661 2139 790 2181 verba
809 2138 1012 2187 habeant,
1038 2146 1085 2182 ut
1105 2128 1314 2197 impetum
1336 2152 1460 2181 suum
1477 2138 1616 2182 sermo
1637 2153 1735 2196 pro-

362 2208 563 2269 pheticus
585 2223 671 2250 non
704 2208 901 2258 amittam
938 2208 1038 2252 lieet
1066 2224 1166 2250 usus
1188 2209 1278 2267 ipso
1308 2209 1566 2268 scriptorum
1593 2207 1733 2252 sensui

364 2280 522 2323 servire
547 2279 711 2335 majore
743 2280 898 2321 decore
926 2279 1206 2322 consueverit.
1238 2277 1411 2323 Diverse
1439 2279 1522 2322 hoc
1549 2287 1593 2322 et
1627 2294 1736 2338 saepe

365 2350 633 2410 significavit,
648 2359 691 2393 et
707 2351 1019 2409 propemodum
1035 2350 1297 2394 incrementa
1311 2366 1479 2410 semper
1492 2342 1730 2408 assumpsit.

367 2420 484 2465 Dixit
513 2421 628 2462 enim
663 2421 802 2478 primo
823 2438 832 2462 :
857 2439 872 2460 α
892 2420 1061 2463 Lavabo
1090 2436 1166 2478 per
1191 2421 1376 2479 singulas
1407 2429 1554 2463 noctes
1579 2421 1739 2463 lectum

368 2508 385 2531 n
400 2505 543 2533 meum
569 2505 578 2532 z
597 2491 797 2548 lacrymis
815 2479 993 2534 stratum
1019 2506 1163 2533 meum
1183 2491 1370 2549 rigabo⁵.
1393 2491 1535 2534 »Dixit
1557 2491 1735 2535 iterum:

382 2578 399 2599 α
420 2560 613 2603 Fuerunt
636 2550 745 2603 mihi'
763 2563 963 2619 lacrymae
978 2576 1082 2604 meae
1103 2560 1275 2620 panes⁶.
1300 2580 1316 2601 ι»
1335 2560 1450 2604 Dixit
1470 2560 1599 2603 etiam
1623 2574 1633 2604 ι
1651 2578 1667 2600 α
1686 2560 1740 2603 Et

420 2671 429 2686 ¹
451 2662 575 2695 Jerem.
592 2673 686 2699 xviii,
706 2659 755 2698 14.
771 2681 811 2688 —-
826 2672 838 2686 ¹
865 2664 938 2697 Act.
957 2676 993 2702 u,
1017 2664 1084 2699 1-3,
1101 2682 1141 2689 —·
1160 2666 1174 2690 3
1189 2665 1266 2699 Luc.
1284 2676 1348 2706 vn,
1363 2664 1415 2698 58.
1433 2682 1474 2691 —
1494 2663 1578 2698 ⁴111·
1595 2673 1667 2703 vm,
1683 2661 1737 2701 44·

372 2734 414 2741 -
428 2716 440 2739 ⁵
455 2715 536 2749 Psal.
557 2727 600 2753 vi,
615 2728 646 2760 7.
663 2736 702 2742 —
717 2719 733 2741 ⁶
750 2717 801 2751 Id.
821 2729 886 2757 xm,
905 2719 938 2758 4.
