1800 3236
397 317 618 348 nxrosrno
650 317 694 348 m
723 316 917 349 »sanun
947 320 1090 350 cxvm.
1333 308 1422 361 443

58 394 152 445 ια’.
173 392 242 439 vel
258 391 391 454 gratia
416 395 671 448 inflectitur,
693 397 761 440 vel
782 397 963 441 aliorum
982 389 1207 444 mendacio
1228 401 1425 459 deprava·

60 473 155 515 tut-3
167 464 471 511 «Omnisenim
487 465 618 510 homo
635 467 860 519 mendax'.
879 468 964 512 Sed
973 471 1234 513 voluntatem
1241 504 1252 530 ξ
1268 471 1421 530 inquit,

59 535 187 595 »ejus
208 536 283 596 qui
307 551 380 580 me
408 537 550 587 misit:
569 538 681 582 »hoc
695 547 760 583 est
775 573 786 589 ,
807 540 959 583 divinae
975 541 1227 600 cognitionis
1242 543 1423 587 sormam

58 606 156 651 voni
175 607 352 658 ἄπει-ος
374 607 483 651 utin
503 608 735 666 judicando
758 610 888 670 magis
904 611 1023 654 cordi
1045 612 1099 656 sit
1118 613 1304 657 veritatis
1323 629 1424 658 cus-

40 677 202 729 todia,
219 693 352 737 quam
375 678 618 723 obedientia
638 682 882 726 voluntatis.
910 682 1003 726 Non
1024 698 1125 742 ergo
1155 684 1226 728 hic
1254 699 1426 744 quoquo

60 747 285 794 infirmitas
301 751 526 808 potentiae,
543 752 620 795 sed
636 752 771 796 forma
791 761 857 797 est
873 769 1068 812 expressa
1085 755 1270 812 justitiae.

118 818 210 865 XL.
244 818 419 864 Justum
439 821 568 881 igitur
585 830 651 866 est
671 823 879 881 judicium
905 824 1000 868 Filii
1025 825 1128 875 Dei3
1150 827 1247 884 quia
1274 835 1338 871 est
1362 842 1427 871 se-

60 878 252 934 cundum
283 893 546 936 voluntatem
575 893 679 944 Dei,
711 909 798 938 non
828 896 1065 939 secundum
1094 897 1280 941 hominis
1298 896 1423 942 affec·

61 968 177 1010 tuan
209 961 324 1004 Deus
354 962 468 1006 enim
493 963 882 1008 misericordiarum
912 967 1062 1024 plenus
1082 975 1175 1011 est:
1192 976 1235 1011 et
1259 968 1428 1013 miseri-

60 1030 204 1076 cordia
226 1031 319 1089 ejus
344 1047 445 1076 cum
471 1033 635 1091 judicio
650 1068 662 1085 ‚
684 1043 728 1078 et
747 1035 958 1093 judicium
980 1050 1080 1080 cum
1103 1038 1422 1089 misericordia:

60 1115 201 1160 noque
217 1102 309 1145 sine
327 1101 490 1160 judicio
510 1104 758 1156 miseretur,
781 1106 1026 1165 neque·sine
1042 1108 1332 1152 misericordia
1354 1109 1427 1168 ju-

63 1170 190 1216 dicat.
215 1172 410 1231 Denique
437 1174 641 1234 scriptum
661 1183 756 1220 est:
782 1194 798 1215 ι
814 1176 1099 1221 Misericordia
1120 1178 1214 1236 ejus
1238 1179 1280 1222 in
1303 1187 1429 1222 state·
1505 1198 1510 1201 ·

63 1242 164 1286 nris.
184 1242 287 1288 Filii
307 1252 450 1288 autem
470 1243 696 1289 hominum
713 1248 941 1301 mendaces
961 1247 1004 1290 in
1021 1248 1188 1291 stateris
1202 1281 1214 1297 ,
1239 1257 1288 1292 ut
1312 1248 1428 1291 deci-

64 1313 215 1374 »piaut
232 1313 265 1358 ².
283 1334 302 1355 ο
320 1313 545 1360 Examinat
565 1332 666 1376 ergo
685 1325 730 1360 et
751 1317 930 1363 trutinat
947 1319 1062 1362 Dens
1082 1320 1232 1362 merita
1249 1319 1433 1378 singulo-

63 1398 161 1430 rum
175 1419 188 1436 ‚
207 1382 253 1431 et
271 1388 636 1444 quemadmodum
651 1403 731 1448 pro
744 1404 946 1433 mensura
966 1390 1038 1433 dat
1061 1391 1237 1448 gratiam
1253 1407 1267 1440 ς
1289 1405 1344 1433 ne
1365 1406 1433 1433 su-

63 1469 143 1514 pra
169 1469 413 1499 mensuram
443 1457 596 1501 sit:ita
626 1473 705 1516 pro
741 1474 939 1503 mensura
970 1461 1043 1502 dat
1074 1461 1423 1503 misericordiam.

65 1525 188 1569 Unde
216 1526 301 1570 ait‘:
321 1544 339 1566 ι
359 1527 598 1571 Mensuram
630 1529 810 1578 bonam,
842 1529 1101 1580 consertam,
1139 1539 1422 1581 commotam,
1455 1542 1460 1545 ’

63 1596 465 1655 »supereffluentem
490 1599 652 1642 dabunt
668 1600 710 1642 in
728 1600 868 1644 sinum
895 1609 1096 1645 vestrum.
1125 1601 1284 1644 Eadem
1305 1616 1429 1644 men-

67 1682 195 1711 »sura
217 1676 302 1726 qua
323 1662 461 1712 mensi
487 1669 672 1721 fueritis,
695 1672 900 1714 reddetur
923 1672 1044 1715 vobis
1062 1671 1092 1715 ⁸.
1125 1689 1142 1711 ι
1167 1670 1368 1714 Similiter
1389 1671 1432 1713 in

67 1734 505 1797 staterasi'ngulorum
527 1740 640 1783 facta
659 1749 915 1798 pensantur;
939 1749 987 1784 ut
1006 1741 1041 1784 si
1063 1742 1176 1784 bona
1195 1750 1324 1800 opera
1342 1754 1430 1782 ma-

67 1809 119 1852 lis
142 1811 493 1869 praeponderent,
518 1812 808 1855 remuneratio
827 1813 990 1870 praemii
1015 1812 1230 1855 deseratur
1245 1827 1255 1855 ε
1272 1812 1307 1854 si
1329 1825 1434 1870 pec-

69 1887 164 1922 cata
183 1876 435 1936 virtutibus,
456 1881 615 1925 tristior
635 1897 756 1925 reum
771 1897 898 1941 poeua
914 1883 1176 1941 constringat
1197 1898 1208 1925 ε
1227 1883 1343 1939 quod
1358 1895 1435 1923 ex-

67 1962 264 2009 pressum
289 1951 422 1995 habes
442 1953 496 1995 ad
518 1952 790 1995 Timotheum
805 1985 817 1999 ‚
850 1953 1019 1996 dicente
1050 1953 1244 2011 apostolo
1271 1952 1431 1995 Paulo:

80 2036 100 2060 ι
111 2020 411 2073 Quorumdam
427 2022 651 2065 hominum
661 2029 834 2080 peccata
849 2022 1071 2065 manifesta
1086 2030 1185 2064 sunt
1197 2022 1434 2078 praeceden·

70 2090 158 2133 »tia
179 2092 232 2133 ad
250 2091 484 2149 judicium,
521 2094 728 2150 quosdam
761 2101 901 2135 antem
931 2101 976 2135 et
1005 2092 1324 2149 subsequuntur
1345 2091 1376 2134 ⁴.
1404 2109 1423 2130 ι

71 2158 276 2205 Similiter
292 2170 338 2205 et
356 2162 466 2206 sacta
496 2163 608 2206 bona
639 2162 860 2206 manifesta
886 2168 1082 2212 sunt,‘et
1112 2177 1206 2219 quae
1237 2160 1359 2203 aliter
1386 2175 1431 2202 se

72 2230 256 2279 habent.
277 2233 483 2277 abscondi
504 2249 590 2278 non
611 2242 803 2293 possunt.

130 2299 244 2346 XLI.
277 2302 434 2347 Omnia
455 2320 557 2363 ergo
581 2320 603 2347 a
624 2304 810 2348 Domino
836 2304 925 2346 Deo
945 2311 1092 2346 nostro
1108 2316 1305 2346 mensura
1327 2316 1437 2362 qua-

56 2370 195 2421 .‚‹hm
217 2380 261 2415 et
283 2374 471 2431 pondere
494 2374 617 2418 fiunt.
656 2393 673 2414 ι
693 2374 799 2427 Quis
820 2374 991 2432 posuit..
982 2405 1011 2416 ..
1042 2373 1215 2431 inquit,
1240 2387 1368 2430 rupes
1392 2371 1435 2413 in

74 2444 319 2484 »steten-³⁹»
349 2444 404 2486 Et
422 2460 582 2503 supra:
612 2464 629 2484 ι
650 2445 756 2498 Quis
780 2459 951 2487 mensus
972 2452 1037 2487 est
1064 2458 1194 2485 manu
1219 2456 1371 2499 aquas,
1393 2449 1437 2483 et

78 2512 263 2554 ›coelum
285 2515 478 2572 palmo⁵i¹
502 2535 519 2555 »
550 2515 635 2569 Qui
655 2524 797 2558 nostra
819 2514 1053 2562 examinat,
1077 2528 1151 2555 sua
1183 2512 1329 2569 utique
1343 2525 1437 2553 exa-

127 2623 140 2639 ¹
155 2614 240 2647 Psoi.
252 2615 327 2655 eir.
350 2629 382 2650 a.
399 2637 439 2643 -—
454 2628 469 2643 ⁸
490 2619 565 2651 lsai'.
585 2628 705 2655 xum,
724 2628 778 2660 17,
793 2622 824 2650 et
837 2616 921 2649 Psal.
942 2627 1004 2653 ιιι,
1026 2626 1074 2648 ιο.
1090 2634 1133 2640 -
1145 2616 1158 2636 ³
1175 2615 1254 2647 Luc.
1271 2625 1318 2654 vi,
1332 2613 1384 2646 58.
1398 2632 1439 2637 -

3 2663 29 2714 ᾗ
82 2670 98 2696 ⁴
116 2679 130 2701 1
145 2668 234 2704 Tim.
248 2681 279 2709 v,
299 2673 350 2711 ab..
364 2690 410 2716 ,-
425 2674 441 2696 ὅ
458 2674 533 2706 lsai.
551 2684 604 2713 n,
626 2683 678 2713 υ,
697 2672 748 2705 15.
