1800 3236
1718 264 1734 273 ο

375 267 465 312 '268
932 286 968 336 .⁸·
1009 288 1213 338 Animosn-

368 375 471 405 ‘mus
493 371 541 422 et
556 360 699 408 finem.
727 363 790 410 De
813 367 1179 411 consummatione
1209 368 1350 424 saeculi
1375 384 1500 428 supra
1529 357 1746 429 posuimus

375 435 641 496 exemplum,
673 451 801 494 quam
834 438 1025 495 sequitur
1062 439 1314 482 resurrectio
1346 455 1388 482 τα
1412 440 1532 483 Sicut
1556 440 1668 483 enim
1703 441 1747 484 in

377 521 394 545 ι
408 498 543 548 Adam
560 522 705 550 omnes
720 509 961 552 moriuntur
986 525 995 552 ε
1016 509 1071 552 ita
1090 518 1131 552 et
1148 510 1189 552 in
1206 509 1372 553 Christo
1395 525 1544 553 omnes
1560 509 1748 554 vivifica-

379 577 569 621 »huntur
599 578 629 622 ¹.
658 596 674 619 »
692 579 790 623 Post
823 580 1178 626 resurrectionem
1212 580 1522 624 consummatio
1543 596 1553 623 :
1572 598 1587 618 (ι
1610 581 1749 625 Unus-

376 666 394 689 »
408 649 585 707 quisque
607 659 747 694 autem
771 651 813 695 in
830 667 906 695 suo
923 652 1071 695 ordine
1090 653 1286 712 primitiae
1305 651 1498 695 Christus
1515 685 1527 703 ,
1553 652 1707 702 deinde
1721 653 1749 697 ii

377 736 394 760 »
408 721 589 778 quisunt
603 721 757 766 Christi
771 756 783 773 ,
801 722 874 782 qui
896 723 923 766 ii
942 723 1168 767 adventum
1179 720 1271 779 ojus
1282 722 1579 766 crediderunt:
1596 718 1750 781 deinde

378 788 519 851 ”fini-⁰⁹»
544 807 643 835 cum
667 787 1085 851 tradideri‘t'regnum
1106 793 1195 835 Deo
1213 801 1255 836 et
1275 793 1419 843 Patri,
1447 789 1552 836 'dum
1569 808 1751 854 evacua-

379 879 397 903 »
410 862 516 906 verit
532 878 704 907 omnem
715 864 1001 923 principatum
1015 872 1062 923 et·
1077 871 1332 922 potestatem
1349 863 1381 907 ².
1397 882 1414 904 ι
1427 863 1539 924 Ergo
1557 879 1751 909 consum-

379 932 610 982 mationem
633 933 776 977 saeculi
793 934 984 992 sequitur
1002 933 1096 976 finis
1111 934 1230 993 juxta
1246 934 1512 993 Apostolum.
1531 929 1653 979 Unde
1668 935 1752 980 col-

380 1002 524 1063 ligitur
546 1006 662 1062 quod
675 1013 876 1063 sequatur
892 1004 986 1048 finis
1003 1020 1174 1049 omnem
1198 1005 1625 1055 consummationem.
1670 1038 1673 1039 ν
1728 998 1733 1002 ’

442 1073 610 1119 XLVII.
649 1076 831 1119 Mundus
859 1076 901 1119 in
921 1077 1105 1136 maligno
1122 1077 1284 1136 positus
1307 1085 1394 1127 est,
1421 1085 1470 1120 ut
1494 1076 1597 1120 dixit
1617 1075 1752 1141 Joanj·

384 1143 482 1188 nes²
513 1139 643 1205 :ergo
673 1155 716 1191 et
750 1149 953 1194 saeculum
978 1148 1021 1191 in
1053 1148 1238 1206 maligno
1263 1156 1349 1197 est,
1383 1144 1568 1191 mundus
1601 1135 1752 1208 plenus

384 1216 565 1273 peccati.
611 1216 989 1261 consummaverat
1016 1217 1221 1273 malitiam
1251 1232 1369 1260 suam
1399 1219 1604 1269 mundus,
1643 1218 1754 1262 sicut

386 1296 757 1330 consummaverat
770 1286 886 1337 Saul,
903 1287 1025 1345 cujus
1038 1287 1183 1330 videns
1197 1285 1537 1330 consummatam
1550 1288 1754 1332 malitiam

382 1353 587 1400 Jonathas
609 1356 719 1404 filius
743 1358 784 1401 in
815 1359 950 1403 David
983 1360 1263 1418 prophetam,
1300 1359 1438 1402 eidem
1469 1360 1679 1405 nuntiavit
1707 1351 1756 1405 ut

383 1427 615 1470 declinaret
661 1437 704 1472 et
734 1429 937 1489 sugeret⁶.
983 1430 1056 1473 Est
1096 1446 1194 1489 ergo
1219 1429 1530 1474 consummatio
1556 1423 1752 1484 malitiae,

383 1490 694 1543 consummatio
710 1509 998 1559 peccatorum.
1022 1500 1149 1544 Venit
1178 1517 1308 1560 agnus
1324 1502 1424 1552 Dei,
1445 1502 1518 1560 qui
1535 1502 1630 1545 tulit
1648 1517 1756 1562 pec-

385 1577 528 1612 catum
554 1570 726 1621 mundi,
766 1571 838 1629 qui
860 1581 923 1615 est
947 1573 1140 1617 Christus
1170 1572 1319 1623 Jesus,
1346 1571 1440 1615 finis
1464 1572 1609 1632 Legis,
1638 1574 1757 1631 prin-

384 1640 543 1700 cipium
561 1650 603 1685 et
625 1642 742 1694 finis,
769 1653 811 1688 et
832 1645 1024 1689 remissio
1040 1652 1328 1703 peccatorum.
1353 1644 1477 1687 Hunc
1501 1642 1629 1700 finem
1652 1659 1758 1688 con-

372 1707 678 1756 'sum'mationis
701 1711 1030 1774 viditPropheta
1055 1716 1097 1758 in
1122 1715 1272 1774 spiritu
1288 1747 1300 1765 ,
1325 1715 1396 1772 qui
1413 1711 1757 1759 ‘consummatum

387 1784 529 1826 saeculi
585 1785 771 1829 aboleret
808 1802 996 1829 errorem
1033 1802 1043 1829 :
1078 1786 1183 1829 vidit
1221 1785 1425 1845 sanguine
1461 1786 1553 1845 ejus
1595 1786 1758 1830 diversa

384 1857 574 1900 omnium
592 1865 764 1915 peccata
787 1858 999 1901 mundari.
1028 1859 1145 1902 Bene
1163 1850 1261 1916 ergo
1287 1857 1390 1902 dixit
1416 1872 1426 1900 z
1449 1875 1466 1897 α
1483 1857 1632 1901 Omnis
1652 1872 1760 1901 con-

385 1945 402 1967 »
430 1927 721 1971 summationis
756 1928 841 1971 vidi
878 1927 1032 1979 finem3
1053 1947 1068 1968 »
1107 1928 1190 1972 hoc
1229 1936 1317 1978 est,
1351 1928 1437 1972 vidi
1473 1928 1759 1984 consummati

385 1997 579 2040 adulterii
622 1997 916 2048 remissorem;
948 1998 1032 2041 vidi
1064 2007 1368 2042 consummatae
1399 1999 1584 2043 luxuriae
1633 2007 1760 2057 atque

386 2066 591 2120 lasciviae,
627 2077 930 2112 consummatae
957 2069 1217 2112 crudelitatis
1247 2063 1371 2127 atque
1397 2068 1563 2121 saevitiae
1580 2102 1591 2119 ,
1623 2068 1760 2112 omnis

385 2148 599 2196 postremo
621 2138 767 2197 flagitii
789 2156 866 2199 per
887 2155 1060 2183 crucem
1078 2155 1197 2182 suam
1220 2140 1374 2183 delicta
1394 2140 1638 2184 donantem.
1740 2198 1741 2203 1

448 2208 637 2253 XLVIII.
675 2210 748 2252 Est
783 2210 910 2253 etiam
941 2218 1233 2254 consummata
1270 2211 1403 2254 virtus
1427 2243 1437 2260 ,
1466 2216 1762 2253 consummata

388 2278 614 2337 sapientia,
650 2290 942 2324 consummata
979 2281 1166 2339 justitia,
1194 2283 1268 2323 sed
1300 2282 1430 2324 habet
1462 2279 1604 2323 finem.
1646 2270 1762 2324 Finis

389 2350 582 2392 omnium
600 2350 804 2394 virtutum
833 2351 1050 2401 Christus,
1069 2351 1140 2409 qui
1165 2352 1304 2395 «Finis
1331 2359 1392 2394 est
1419 2351 1540 2410 Legis
1563 2351 1627 2394 ad'
1640 2349 1764 2408 justi-

389 2419 521 2461 »tiam
544 2421 659 2463 omni
695 2422 925 2465 credenti³.
948 2441 963 2463 1>
986 2422 1112 2466 Vides
1143 2422 1238 2481 quia
1274 2421 1367 2465 finis
1398 2430 1461 2464 est
1486 2421 1616 2464 fidei?
1647 2422 1763 2466 Bene

388 2504 487 2547 ergo
516 2490 572 2533 ait
598 2506 607 2532 ε
634 2491 816 2535 «Omnis
840 2492 1215 2536 consummationis
1235 2493 1320 2536 vidi
1342 2493 1489 2535 finem.
1507 2510 1523 2533 n

439 2600 448 2615 ¹
474 2602 485 2624 ι
516 2578 593 2627 Cor.
621 2605 675 2632 xv,
702 2606 754 2628 22.
781 2614 823 2621 —-
841 2597 959 2631 ⁸1bid.
988 2598 1040 2638 23,
1071 2598 1125 2638 ²4·
1159 2618 1197 2641 ,ἡ
1217 2600 1231 2623 ³
1259 2609 1270 2631 ι
1290 2598 1385 2631 Joan.
1407 2608 1438 2637 v,
1464 2583 1572 2640 19.·ss
1597 2597 1612 2625 4
1643 2607 1654 2628 ι
1681 2595 1785 2638 Bag.-

386 2653 451 2685 xx,
470 2645 522 2682 38.
542 2665 579 2673 -
600 2648 613 2672 ⁵
631 2647 725 2682 Rom.
746 2661 778 2691 x,
794 2651 829 2690 4.
