1800 3236
380 292 466 335 316
928 305 959 333 S.
1001 303 1190 333 ammom

377 401 452 429 cor
479 393 679 429 vestrum.
706 383 865 427 Docuit
890 399 990 443 ergo
1015 399 1083 427 me
1110 383 1348 434 humiliari,
1372 393 1415 428 et
1442 384 1646 430 inclinare
1667 401 1741 431 cor

330 473 335 478 ’
378 471 522 499 mcum
546 457 598 498 ad
623 452 835 497 faciendas
858 454 1064 512 justitias;
1097 469 1183 496 non
1205 455 1258 496 ad
1280 453 1545 513 iniquitatem
1559 481 1580 506 ,·
1595 458 1668 500 sed
1690 458 1743 502 ad

375 527 617 585 aequitatem
633 525 836 569 inclinare
848 557 859 574 ‚
875 542 891 564 α
907 525 1084 583 Propter
1104 525 1442 569 retributionem.
1475 527 1742 573 »Retributio

375 613 552 656 regnum
571 597 805 646 coelorum,
829 603 872 638 et
893 595 1074 654 paradisi
1092 602 1156 638 est
1180 595 1405 639 incolatus.

375 770 431 782 W!
440 770 476 782 v·
484 769 493 778 θ
502 770 617 782 mm
627 770 683 782 m
691 769 953 782 ΜιἊ-ΜΜ·
961 770 1182 782 §smmum
1190 770 1307 781 §.mu-³
1314 771 1617 784 wstSSQQQv-Qm
1624 771 1746 785 usuro

372 884 409 903 ⁴*
897 885 1082 930 SERMO
1116 887 1210 931 XV.

955 1007 1154 1052 Samech.

1579 1112 1597 1126 D

436 1160 466 1202 1.
504 1160 665 1203 lxx-mm
685 1159 872 1202 Sameclz
889 1159 1029 1202 littera
1048 1157 1380 1218 decima-quinta
1394 1193 1406 1211 ,
1426 1176 1519 1219 quae
1537 1160 1746 1220 interpre—

376 1230 578 1272 tationem
602 1229 755 1280 habet,
784 1248 799 1269 «
827 1230 953 1273 Audi.
980 1231 1081 1272 »Est
1113 1239 1156 1273 et
1189 1232 1267 1274 alia
1297 1232 1389 1289 ejus
1420 1233 1742 1290 interpretatio,

379 1314 471 1355 quae
497 1300 653 1342 dicitur
678 1315 687 1342 :
714 1318 729 1339 «
757 1301 1107 1343 Firmamentum.
1136 1319 1151 1341 n
1169 1301 1283 1353 Quid
1304 1311 1366 1345 est
1387 1335 1398 1352 ,
1421 1320 1437 1342 «
1457 1302 1570 1346 Audi
1585 1303 1602 1345 Ξ)
1620 1323 1636 1342 ιι
1653 1303 1746 1347 Non

380 1369 514 1412 otiose
532 1370 687 1412 dicitur
698 1372 814 1427 quod
836 1385 1063 1414 commune
1075 1379 1138 1413 est
1155 1372 1374 1422 omnihus,
1396 1381 1439 1416 et
1454 1373 1640 1432 suppetit
1658 1373 1748 1415 uni-

376 1441 506 1484 versis
528 1441 617 1500 ipso
638 1441 733 1499 jure
750 1450 923 1485 naturae.
952 1443 1005 1485 Et
1026 1443 1122 1486 ideo
1139 1458 1224 1485 non
1243 1452 1306 1486 est
1327 1444 1510 1487 otiosum
1532 1445 1647 1503 quod
1672 1446 1749 1487 ad-

379 1501 565 1556 moneris
592 1521 639 1556 ut
671 1514 842 1564 audias,
871 1529 970 1556 cum
999 1514 1127 1557 etiam
1155 1514 1301 1565 inviti,
1330 1523 1373 1558 et
1399 1515 1514 1558 aliud
1543 1525 1714 1575 agentes
1732 1549 1744 1567 ,

379 1600 530 1627 sonum
555 1593 716 1634 tamen,
742 1594 814 1628 aut
834 1600 983 1637 vocem
1003 1585 1150 1628 audire
1178 1587 1401 1630 soleamus.
1433 1586 1519 1629 Sed
1541 1586 1638 1644 quia
1659 1602 1747 1631 non

379 1663 443 1697 est
472 1655 608 1697 solum
646 1655 791 1698 audire
817 1655 901 1698 hoc
930 1657 1044 1713 quod
1071 1657 1257 1715 suppetit
1280 1656 1420 1700 officio
1446 1664 1609 1700 natura:
1635 1673 1645 1700 τ
1674 1659 1749 1701 sed

378 1725 504 1768 etiam
539 1725 644 1768 illud
673 1727 788 1783 quod
813 1727 950 1784 majus
984 1734 1069 1776 est,
1105 1735 1153 1769 ut
1185 1727 1329 1770 audias
1351 1743 1442 1770 non·
1464 1744 1545 1771 usu
1585 1736 1748 1772 tantum

378 1797 592 1855 corporis,
617 1805 825 1854 quantum
839 1797 1059 1840 intellectu
1075 1798 1229 1842 mentis
1240 1816 1252 1848 3
1278 1798 1373 1842 ideo
1391 1799 1632 1858 diligentius
1650 1813 1749 1842 con-

379 1868 516 1912 sidera
539 1868 656 1923 istius
674 1868 831 1927 *litterae
852 1869 1268 1927 interpretationem,
1288 1870 1748 1928 seriemque.vers1mm

380 1939 453 1997 qui
470 1947 715 1996 sequuntur.
957 1996 959 1998 K

437 2010 488 2051 II.
528 2010 582 2051 Ut
615 2009 777 2051 noveris
803 2017 945 2053 autem
971 2011 1202 2068 mysticum
1224 2026 1315 2054 esse
1339 2012 1509 2062 audire,
1534 2020 1581 2055 ut
1603 2012 1748 2056 audias

380 2088 423 2123 et
444 2080 651 2139 intelligas
674 2081 875 2139 mysteria
891 2113 900 2131 ,
928 2082 979 2124 de
1000 2081 1159 2125 Judaeis
1182 2083 1388 2141 scriptum
1399 2092 1462 2125 est
1482 2098 1491 2125 ε
1509 2100 1525 2122 α
1541 2082 1654 2126 Aure
1673 2099 1749 2126 au·-

383 2169 399 2191 η
414 2151 535 2193 dietis
563 2151 574 2173 ¹
595 2169 607 2201 3
633 2170 647 2192 »
662 2151 760 2209 quia
786 2153 985 2210 mysteria
1009 2153 1111 2210 legis
1138 2154 1387 2204 audierunt,
1423 2155 1497 2197 sed
1519 2170 1604 2198 non
1624 2155 1749 2200 intel-

356 2274 358 2277 Υ
381 2223 587 2265 lexerunt.
617 2223 738 2265 Unde
760 2223 817 2266 ait
831 2223 1039 2266 Dominus
1064 2239 1107 2266 :«
1130 2223 1240 2266 Audi
1261 2227 1444 2283 populus
1465 2241 1604 2275 meus,
1624 2235 1667 2268 et
1685 2227 1750 2268 lo-

382 2308 516 2350 »quar
536 2292 566 2336 ².
594 2292 709 2335 »Lex
734 2293 880 2351 utique
909 2294 1106 2353 spiritalis
1134 2303 1216 2343 est,
1244 2295 1342 2338 audi
1363 2311 1465 2354 ergo
1489 2294 1743 2354 spiritaliter.

381 2363 664 2422 Denique-,qui
686 2365 806 2408 scivit
830 2365 997 2414 audire,
1022 2365 1079 2408 ait
1103 2381 1112 2409 :
1132 2383 1147 2405 «
1169 2365 1351 2408 Audiam
1379 2366 1481 2423 quid
1496 2366 1686 2423 loquitur
1708 2367 1748 2410 in

382 2453 398 2474 »
413 2449 480 2477 me
497 2435 704 2477 Dominus
718 2435 833 2478 Deus
851 2435 863 2456 ³
881 2470 891 2486 ‚
919 2454 935 2476 »
949 2436 992 2478 id
1016 2444 1101 2487 est,
1128 2451 1383 2494 cognoscam
1406 2437 1510 2495 quid
1524 2439 1691 2481 locutus
1705 2438 1748 2482 in

381 2519 450 2547 me
471 2504 599 2547 suerit
619 2505 744 2549 Deus.
774 2506 961 2564 Ideoque
988 2506 1087 2549 alibi
1106 2507 1163 2549 ait
1182 2523 1191 2550 :
1208 2524 1222 2545 (ι
1241 2507 1409 2559 Quanta
1428 2507 1686 2558 audivimus,
1706 2516 1750 2553 et

382 2595 397 2618 υ
412 2577 686 2635 cognovimus
705 2593 752 2633 ea
773 2577 811 2629 ¹⁵;
829 2597 844 2618 »
858 2586 906 2621 ut
924 2578 1307 2637 comprehenderet
1329 2595 1412 2622 non
1428 2581 1564 2623 solum
1584 2580 1749 2625 audisso

431 2677 439 2692 ¹
462 2668 538 2707 lsi-'1'-
561 2680 603 2708 vt,
631 2683 663 2716 9·
684 2689 723 2696 —-
741 2681 754 2699 ο
777 2671 864 2707 Psal.
877 2682 965 2712 uix,
981 2683 1014 2716 7.
1032 2688 1070 2697 -
1089 2673 1101 2696 ³
1120 2672 1172 2708 ld.
1191 2684 1321 2714 mxxiv,
1336 2685 1368 2722 9.
1382 2691 1423 2701 —-
1443 2673 1520 2710 ⁴111.
1540 2684 1663 2716 uum,
1680 2673 1716 2710 5·
