1800 3236
435 331 670 379 ssxrosmo‘
685 339 730 373 ιιι
759 335 949 373 manum
979 342 1122 374 cxvm.
1379 316 1463 394 157

99 427 191 472 θεὲ,
213 419 346 467 divini
369 420 565 466 minister
583 421 772 482 imperii,
792 422 1027 482 obsequere
1046 423 1257 469 mandatis
1276 424 1463 472 Domini.

25 532 34 549 ᾗ
100 491 211 536 Cum
230 492 359 536 fueris
375 490 588 551 Angelus,
612 492 775 537 videbis
795 493 948 538 faciem
973 493 1158 539 Domini.
1185 494 1384 555 Magnum
1405 506 1475 542 est

15 558 41 609 ‘ff
99 563 244 608 videre
275 563 354 608 Dei
385 564 561 608 vultum.
595 562 684 608 Lex
709 564 787 609 tibi
814 564 917 609 dicit
940 574 995 609 'ut
1025 566 1149 610 tertio
1171 575 1213 611 te
1242 567 1393 612 offeras
1425 569 1470 613 in

100 626 377 680 Hierusalem.
393 635 488 695 Ipse
501 621 709 679 Dominus
723 634 847 679 Jesus
866 635 958 679 ait:
972 655 989 676 ι
1001 635 1122 680 Beati
1138 639 1301 682 mundo
1312 641 1467 690 corde3

101 703 221 773 »ipse
234 705 350 749 enim
364 705 507 750 Deum
522 706 781 750 videbunt.
747 705 760 729 ¹
804 724 822 747 ι
835 705 1031 751 Advertis
1043 707 1143 766 quid
1161 723 1185 751 a
1203 708 1246 752 te
1262 708 1469 768 exigatur,

102 785 155 821 ut
168 776 311 820 videas
330 766 497 827 Deum3
521 777 593 839 cui
612 777 707 821 vitae
718 777 931 838 proposita
946 778 999 821 sit
1011 778 1285 838 praeroga‘tiva
1298 779 1472 825 videndi

5 862 34 908 ’ᾗ
101 846 272 892 Deum?
291 847 488 891 Emunda
514 847 644 907 igitur
664 860 741 892 cor
760 854 902 898 tuum,
934 857 982 892 ut
1011 849 1130 907 quasi
1157 864 1292 894 novus
1315 851 1472 896 creeris

103 925 306 963 renovato
339 918 501 978 spiritu.
538 918 698 962 Omnes
738 908 922 978 pollutas
952 919 1228 979 cogitationes
1259 923 1312 964 de
1343 924 1474 966 corde

106 980 179 1034 tuo
196 989 357 1069 abjice,
379 989 488 1054 nihil
508 989 561 1033 sit
577 1005 662 1048 quo
683 999 781 1033 tuus
801 990 1048 1049 inquinetur
1064 990 1276 1034 affectus:
1295 992 1475 1072 simplex

14 1068 34 1122 ᾖ,
104 1074 249 1111 mens,
272 1074 379 1119 pura
400 1050 620 1104 sinceritas
644 1061 709 1104 sit.
747 1061 921 1105 Talibus
941 1076 986 1104 se
1004 1061 1214 1104 Dominus
1237 1077 1333 1106 cum
1357 1063 1475 1108 ἰιιιόδ

11 1124 35 1187 ’ᾗ
104 1131 275 1175 lucrum
294 1131 484 1204 corporis
506 1132 802 1191 deposuerint,
827 1134 1121 1175 demonstrare
1144 1132 1358 1191 dignatur.

110 1194 116 1231 ἷ
167 1200 325 1246 XXII.
342 1201 464 1245 Nunc
495 1202 548 1247 de
581 1203 741 1261 reliqua
779 1202 910 1261 ipsius
942 1208 1087 1246 versus
1115 1210 1236 1261 parte
1267 1203 1472 1251 dicamus.

121 1290 138 1311 ι
161 1271 382 1323 Miserere,
407 1273 563 1332 inquit,
592 1273 678 1317 mei
698 1274 935 1317 secundum
959 1275 1137 1318 verbum
1159 1283 1298 1319 tuum.
1328 1276 1478 1321 »Mise-

5 1388 35 1392 ,
108 1343 292 1389 ricordia
306 1337 478 1413 quidem
494 1344 668 1403 justitiae
688 1345 828 1405 portio
843 1353 933 1395 est:
957 1354 1006 1389 ut
1020 1346 1056 1390 si
1077 1346 1180 1389 velis
1203 1347 1361 1390 donare
1374 1363 1480 1407 pau-

6 1405 20 1459 2
109 1414 307 1474 peribus,
329 1414 421 1459 haec
447 1415 756 1459 misericordia
753 1407 926 1483 justitia
952 1423 1047 1466 est,
1080 1404 1318 1459 secundum
1338 1417 1474 1462 illud·

17 1474 34 1544 ὲ
109 1500 142 1524 ·«
154 1479 395 1579 Dispersit,
430 1486 548 1529 dedit
578 1477 836 1545 pauperibus
869 1501 879 1528 :
914 1485 1075 1550 justitia
1109 1486 1208 1544 ejus
1248 1494 1395 1531 manet
1433 1487 1478 1531 in

116 1551 389 1600 r'aelernum'
394 1556 623 1601 .»Deinde
643 1558 740 1616 quia
758 1557 989 1601 conformis
1004 1565 1103 1600 tuus
1122 1557 1329 1618 injustum
1347 1567 1411 1602 est
1432 1568 1482 1604 ut

6 1637 41 1679 ἢ
113 1641 202 1671 non
225 1621 449 1686 adjuvetur
466 1643 489 1671 a
504 1628 641 1679 socio3
660 1643 760 1671 cum
780 1628 1015 1688 p'r'aesertim
1026 1627 1245 1671 Dominus
1254 1628 1369 1672 Deus
1385 1643 1481 1673 nos-

11 1748 32 1759 Ἠ
115 1705 183 1742 ter
205 1702 367 1741 terram
371 1698 482 1746 hanc
499 1699 809 1758 possessionem
831 1699 1024 1743 omnium
1057 1699 1280 1742 hominum
1300 1701 1484 1745 voluerit

114 1780 211 1813 esse
225 1763 525 1821 communem,
547 1778 591 1814 et
603 1760 768 1829 fructus
785 1769 984 1814 omnibus
999 1769 1276 1813 ministrare·
1301 1771 1376 1813 sed
1393 1786 1484 1815 ava-

117 1842 215 1886 ritia
242 1843 557 1901 possessionum
579 1842 674 1901 jura
696 1842 925 1886 distribuit.
949 1841 1121 1885 Justum
1143 1850 1211 1885 est
1214 1841 1369 1921 Jgstm'·
1380 1852 1427 1887 ut
1448 1844 1482 1888 si

14 1898 37 1955 Ξ
115 1903 295 1971 aliquid
303 1913 391 1959 tibi
435 1914 647 1973 privatum
672 1913 902 1983 vindicas,
937 1912 1053 1970 quod
1082 1911 1247 1970 generi
1267 1912 1481 1965 humano,¹

15 1979 34 2002 ³⁴³⁴
123 1983 212 2027 imo
237 1985 447 2028 omnibus
496 1984 797 2029 animantibus·
815 1985 859 2027 in
895 1986 1125 2045 commune
1160 1984 1362 2027 collatum
1399 1991 1483 2037 est,

19 2102 30 2115 ᾖ
123 2047 282 2100 saltem
293 2057 451 2116 aliquid
478 2045 576 2100 inde
602 2046 868 2116 pauperibus
887 2069 1105 2118 aspergas;
1134 2062 1183 2097 ut
1203 2052 1370 2116 quibus
1382 2056 1487 2114 juris

11 2117 40 2145 '³³
83 2150 90 2154 f
124 2127 186 2170 tui
203 2127 465 2171 consortium
483 2128 638 2190 debes,
662 2126 725 2170 his
747 2124 945 2169 alimenta
971 2140 1057 2168 nou
1078 2123 1271 2183 deneges.

123 2214 128 2223 ·
185 2186 349 2244 XXIII.
384 2198 459 2242 Est
492 2188 620 2241 etiam
648 2186 949 2241 misericordiae
971 2197 1131 2239 donare
1154 2203 1415 2255 peccatum·
1446 2207 1489 2243 et

124 2258 426 2312 'misericordias
446 2277 530 2324 est,
552 2277 595 2312 et
617 2268 788 2333 justitiae
809 2276 885 2311 est.
910 2266 1102 2328 Denique
1122 2265 1294 2324 iustitiae
1316 2268 1488 2313 ascribit

127 2338 348 2402 Scriptura
389 2339 528 2384 divina
565 2339 732 2383 veniam
761 2345 1059 2397 peccatorum,
1103 2337 1339 2379 secundum
1383 2338 1489 2382 illud

124 2408 247 2491 quod
267 2410 396 2454 hodie
414 2411 575 2455 lectum
591 2419 690 2455 est:
705 2427 723 2450 ι
737 2409 1017 2454 Benedictum
1040 2406 1202 2464 lignum
1218 2408 1334 2464 quod
1348 2406 1397 2451 fit
1416 2424 1494 2468 per

132 2496 151 2522 ι
161 2478 399 2539 justitiam:
416 2482 701 2525 maledictum·
712 2488 856 2523 autem
875 2478 934 2537 lig
919 2493 1037 2521 rnum
1059 2478 1175 2535 quod
1185 2475 1234 2520 fit
1247 2492 1327 2536 per
1340 2493 1493 2523 manus

132 2550 387 2595 »hominum
407 2552 439 2595 ⁸.
466 2570 484 2593 ι
497 2551 699 2610 Superius
722 2546 776 2594 ad
792 2564 966 2593 crucem
980 2547 1150 2591 Domini
1170 2537 1316 2591 retulit
1330 2581 1341 2598 ,
1360 2558 1498 2607 poste-

28 2651 38 2666 -ι,
134 2622 223 2668 rius
245 2625 300 2668 ad
314 2633 500 2667 errorem
523 2622 766 2682 gentilium,
791 2620 863 2679 qui
889 2619 1000 2678 lIgna
1026 2625 1294 2662 venerantur.
1326 2617 1496 2665 Justitia

31 2676 52 2718 ἰ
185 2727 197 2744 ⁸
212 2718 331 2752 natta.
346 2728 381 2757 v,
392 2717 425 2751 8.
439 2734 480 2742 -
495 2726 508 2743 ·
528 2716 611 2752 Psal.
627 2726 695 2756 cxx,
708 2726 796 2758 9.-
809 2715 825 2739 ³
840 2712 918 2757 Sap.
938 2721 1006 2751 nr,
1019 2721 1051 2754 7,
1070 2710 1103 2744 8.
