1800 3236
336 322 361 375 4
369 323 424 375 ‘fo
889 336 921 366 s.
962 336 1161 369 Αιιιιιιοειι

338 471 340 473 .
395 414 617 471 XXXIII„
639 415 726 475 Ego
748 424 890 461 tamen
910 417 1094 461 arbitror
1108 450 1120 468 ,
1144 420 1259 476 quod
1280 415 1351 463 hie
1376 419 1496 465 locus
1517 420 1572 466 ad
1590 417 1701 480 judi-

337 487 392 530 cii
413 487 592 531 sormam
618 488 811 531 videatur
832 503 923 531 esse
950 488 1196 532 referendus
1209 506 1221 539 ς
1250 490 1525 550 Evangelium
1547 493 1705 537 etenim

338 573 424 601 non
451 559 588 601 solum
610 557 709 602 fidei
737 559 928 601 doctrina
945 593 956 609 ‚
982 561 1055 602 sed
1081 559 1209 602 etiam
1230 575 1398 603 morum
1422 569 1490 608 est*
1505 563 1707 622 magiste-

342 629 476 679 rium,
502 638 543 672 et
564 631 787 689 speculum
808 630 931 688 justae
952 631 1300 685 conversationis
1323 633 1497 677 Invenio
1514 634 1555 677 iu
1573 635 1707 679 Evan-

340 701 474 759 gelio,
501 702 616 758 quod
636 701 842 745 Dominus
866 701 990 745 Jesus
1018 704 1252 746 multorum
1277 703 1479 755 affectus,
1502 714 1544 749 et
1567 705 1708 750 officia
1728 697 1733 701 ’

343 771 575 829 susceperit
585 788 596 820 ;
617 779 664 814 ut
681 773 854 815 doceret
870 774 1084 829 quomodo
1097 788 1173 816 uos
1189 774 1231 816 in
1247 774 1312 817 his
1329 776 1570 819 conversari
1585 791 1710 836 opor-

342 849 450 884 teret
471 842 633 885 officiis.
657 842 852 901 Suscepit
873 858 1097 901 personam
1125 844 1325 902 pastoris,
1354 854 1397 888 et
1420 845 1477 888 ait
1496 861 1507 889 :
1524 863 1541 886 α
1561 846 1710 890 Pastor

344 912 512 955 »bonus
543 913 727 956 animam
760 929 880 957 suam
906 914 1027 972 ponit
1055 929 1132 972 pro
1160 914 1308 958 ovibus
1332 914 1418 970 suis
1439 914 1473 957 ⁵.
1499 916 1711 975 »Ideoque

344 998 422 1042 pro
447 984 684 1027 rationabili
707 1000 831 1042 grege
848 1000 892 1027 se
908 985 1047 1043 ipsum
1069 985 1252 1045 passioni
1275 987 1467 1045 corporis
1483 1002 1568 1030 uon
1590 1002 1712 1046 nega-

346 1054 431 1103 vit3
456 1062 503 1096 ut
525 1070 646 1098 ovem
664 1056 815 1098 lassam
837 1056 976 1099 crucis
998 1071 1082 1099 suae
1106 1056 1296 1100 humeris
1319 1071 1610 1117 superponens
1624 1090 1635 1108 ,
1653 1057 1713 1118 pii

350 1124 489 1166 oneris
507 1125 726 1169 functione
746 1136 970 1170 recrearet.

407 1194 608 1238 XXXIV.
648 1196 844 1255 Suscepit
880 1197 1071 1240 advocati
1112 1213 1400 1256 personamtqt
1425 1198 1568 1256 Ipsum
1599 1197 1714 1240 enim

350 1280 367 1303 ι
382 1264 633 1307 advocatum
648 1266 854 1309 habemus
873 1269 984 1326 apud
1000 1268 1168 1311 Patrem
1186 1268 1216 1311 ².
1239 1287 1255 1309 ›>
1268 1269 1550 1312 pernoctabat
1565 1268 1609 1311 in
1625 1282 1716 1311 ora—

352 1333 467 1377 tione
488 1350 564 1392 pro
586 1336 707 1378 nobis
725 1335 738 1357 ³
757 1354 768 1386 ;
794 1326 841 1380 ut
870 1353 947 1381 nos
979 1354 1057 1382 suo
1091 1339 1338 1383 informaret
1360 1341 1553 1398 exemplo
1571 1354 1716 1397 quem-

352 1406 580 1449 admodum
618 1407 784 1450 veniam
826 1409 980 1452 nostris
1023 1409 1255 1453 debeamus
1293 1425 1468 1453 exorare
1509 1410 1710 1469 peccatis·

353 1475 448 1520 Non
469 1478 582 1520 euim
604 1479 699 1521 ideo
717 1487 1010 1536 pernoctaret,
1036 1481 1155 1538 quasi
1177 1481 1249 1538 qui
1272 1482 1391 1524 aliter
1405 1481 1573 1540 Patrem
1597 1481 1717 1525 nobis

355 1549 630 1591 reconciliare
651 1565 736 1593 non
757 1558 898 1608 posset
919 1565 928 1592 :
947 1552 1019 1593 sed
1036 1560 1089 1593 ut
1109 1550 1244 1608 qualis
1266 1552 1495 1594 advocatus
1522 1566 1614 1594 esse
1643 1553 1719 1594 de-

354 1619 477 1670 beat,
509 1622 844 1664 demonstraret:
864 1622 998 1678 qualis
1025 1623 1243 1671 sacerdos,
1267 1631 1315 1665 ut
1345 1636 1432 1665 non
1457 1623 1595 1665 solum
1626 1622 1718 1666 die-

355 1687 458 1740 bus,
483 1692 558 1733 scd
579 1691 706 1734 etiam
723 1692 921 1735 noctibus
941 1708 1017 1751 pro
1041 1707 1165 1751 grege
1185 1693 1339 1736 Christi
1357 1693 1510 1736 debeat
1525 1701 1720 1752 precator

358 1760 560 1803 assistere.
596 1761 662 1804 An
693 1762 947 1820 impetrandi
975 1763 1124 1820 egebat
1153 1763 1333 1819 auxilie,
1362 1764 1435 1821 qui
1460 1763 1600 1807 facere
1631 1763 1720 1824 ipse

356 1839 521 1888 poterat
543 1833 659 1889 quod
680 1834 869 1890 rogabat,
890 1834 1250 1890 quemadmodum
1272 1834 1360 1892 ipse
1383 1835 1554 1878 dicebat
1575 1835 1721 1894 =«Ego

358 1919 374 1942 »
388 1903 442 1943 ad
461 1903 628 1944 Patrem
650 1904 758 1945 vado
779 1918 789 1945 :
809 1912 850 1946 et
870 1905 1170 1961 quodcumque
1200 1904 1252 1947 ab
1277 1904 1327 1947 eo
1348 1905 1553 1962 petieritis
1578 1906 1619 1948 in
1642 1921 1722 1948 no-

359 1973 502 2014 »mine
522 1989 642 2023 meo,
667 1973 750 2016 hoe
772 1974 924 2017 faciam
946 1974 995 2018 Ῥ
1019 1976 1242 2034 »Denique
1271 1976 1370 2019 alibi
1404 1976 1486 2026 ait,
1517 1991 1617 2020 cum
1646 1976 1723 2020 La-

357 2058 503 2085 zarum
527 2044 797 2087 resuscitaret
824 2060 833 2086 :
858 2062 874 2084 «
899 2044 1095 2088 Sciebam
1120 2047 1234 2103 quod
1261 2061 1428 2105 semper
1445 2061 1515 2090 me
1536 2047 1668 2090 audis.
1694 2065 1711 2087 »

356 2112 435 2155 Hic
457 2113 574 2170 quasi
599 2113 793 2156 infirmus
817 2116 1118 2172 pernoctabat,
1141 2116 1212 2173 qui
1232 2116 1394 2170 sciebat
1418 2118 1535 2175 quod
1556 2131 1724 2175 semper

358 2183 552 2233 auditur,v
571 2192 612 2225 et
634 2185 830 2227 clamavit
850 2200 859 2227 :
878 2203 892 2224 a
914 2185 1071 2228 Lazare
1087 2218 1099 2236 ,
1123 2186 1218 2229 veni
1240 2186 1351 2229 foras
1373 2186 1404 2230 ⁶.
1431 2204 1448 2227 n
1476 2186 1638 2230 Locuta
1659 2190 1724 2230 est

359 2254 614 2296 resurrectio
630 2287 640 2303 ,
665 2269 780 2297 mors
803 2257 990 2299 recessit.

414 2324 598 2368 XXXV.
637 2325 831 2385 Suscepit
853 2327 981 2370 etiam
1004 2326 1204 2370 affectum
1229 2327 1314 2377 rei,
1338 2335 1380 2371 et
1402 2328 1518 2372 stetit
1543 2336 1640 2381 ante
1659 2328 1726 2387 ju-

359 2393 496 2436 dicem
528 2402 727 2452 tanquam
760 2411 856 2439 reus
876 2412 886 2439 :
907 2412 985 2439 nec
1021 2397 1270 2454 dedignatus
1303 2405 1368 2440 est
1395 2397 1602 2440 Dominus
1636 2413 1724 2446 om,-

355 2463 499 2514 nium,
529 2465 718 2522 praesidis
747 2466 962 2509 vilitatem.
1001 2467 1286 2525 Interrogatus
1318 2468 1487 2510 tacebat
1508 2467 1546 2518 ⁶,
1572 2476 1718 2511 osten-

356 2533 459 2576 dens
480 2549 564 2576 non
585 2534 627 2576 in
650 2537 836 2579 clamore
859 2537 995 2586 vocis,
1021 2553 1098 2580 nec
1122 2538 1164 2580 in
1187 2537 1362 2581 sorensis
1392 2537 1620 2582 assertione
1644 2554 1714 2597 pa⁴

403 2643 411 2658 ¹
433 2637 528 2670 Joan.
552 2648 586 2677 x,
605 2649 706 2672 11.—-
723 2650 735 2664 ¹
755 2651 766 2672 1
786 2640 881 2674 Joan.
904 2653 942 2678 ιι,
968 2652 995 2674 ι.
1012 2660 1052 2667 —-
1067 2643 1080 2666 ³
1097 2642 1177 2677 Luc.
1191 2654 1240 2682 vi,
1258 2654 1350 2676 12.-
1365 2641 1488 2676 ⁴Joan.
1502 2653 1640 2684 xiv,12,
1659 2643 1716 2677 13.

357 2706 400 2716 -
421 2690 497 2724 ⁵1d.
516 2692 625 2736 ³¹‚ſs2
643 2699 675 2728 et
693 2693 746 2733 44.
764 2713 804 2719 -—
821 2696 835 2717 ⁶
853 2695 904 2730 Id·
923 2706 992 2739 xix,
1009 2707 1040 2740 9.
