1800 3236
340 294 425 343 418
687 331 689 333 ,
887 302 920 330 s.
960 299 1152 331 Aunnosu

337 372 452 421 dices
476 371 530 414 ad
548 369 777 414 Dominum
800 367 945 412 Jesum
967 383 1010 411 :a
1027 366 1173 410 Exitus
1190 365 1438 425 matutinos,
1463 373 1509 408 et
1528 379 1703 424 vespere

339 461 355 483 »
370 442 600 486 delectabis
623 441 652 484 ¹.
681 460 696 481 1>

397 513 563 558 XXXI.
598 511 665 555 An
696 527 796 555 vero
818 512 961 570 Moyse
983 509 1183 568 magistro
1206 524 1306 552 usus
1327 509 1508 567 populus
1529 506 1555 550 J
1560 509 1704 559 udaeog-

341 600 438 627 rum
473 583 512 634 ²,
542 583 733 642 quotidie
763 583 813 644 =in
848 581 1083 625 senioribus
1113 581 1223 628 suis,
1257 579 1328 637 qui
1359 580 1413 624 ad
1440 578 1522 622 hoc
1549 593 1705 621 munus

341 655 466 700 electi
505 663 628 705 sunt,
661 654 860 698 noctibus
895 668 943 696 ac
970 653 1119 696 dicbus
1150 652 1240 694 sine
1264 652 1349 693 ulla
1381 649 1616 694 cessatione
1636 664 1706 691 re·-

339 735 486 771 censet
507 727 748 786 Scripturas
770 726 930 770 divinas
950 740 960 768 ε
986 732 1027 767 et
1045 724 1078 766 si
1100 723 1202 782 quid
1215 722 1330 765 aliud
1345 722 1556 768 seniorem
1573 721 1708 764 inter-

340 798 580 856 rogaveris,
615 798 749 842 nescit
776 796 855 840 nisi
877 796 1107 854 Scripturce
1129 794 1280 836 divinae
1307 793 1460 837 seriem
1482 793 1702 836 resultare.

341 869 478 914 Vacat
502 869 587 912 illic
623 884 762 912 sermo
785 869 837 910 de
859 868 1012 911 saeculo
1030 898 1041 916 ‚
1063 866 1149 908 sola
1172 864 1256 908 illic
1275 863 1495 922 Scriptura
1516 861 1710 907 contexi-'

338 949 425 991 tur,
448 940 711 999 singulorum
734 939 812 983 sibi
835 955 912 998 per
939 937 1051 982 vices
1072 952 1144 980 ora
1169 937 1431 984 succedunt;
1456 950 1510 978 ne
1536 934 1708 992 quando

336 1026 456 1054 sacer
492 1011 562 1055 ille
587 1026 715 1054 sonus
737 1010 1039 1054 mandatorum
1076 1007 1311 1051 coelestium
1346 1006 1547 1050 ferietur:
1570 1012 1615 1047 et
1636 1012 1706 1053 tu,

339 1082 602 1132 Christiane,
623 1083 805 1132 dormis,
825 1082 894 1124 cui
919 1080 1119 1140 magister
1138 1088 1202 1122 cst
1224 1077 1441 1126 Christus3
1465 1084 1508 1121 et
1530 1091 1615 1118 non
1635 1090 1709 1119 ve-

335 1153 441 1198 reris
463 1169 518 1197 ne
538 1155 591 1197 de
610 1162 650 1197 te
667 1154 835 1196 dicatur
853 1169 862 1196 :
880 1149 1065 1211 Populus
1082 1151 1160 1193 iste
1180 1165 1260 1194 nec
1277 1148 1398 1192 labiis
1415 1162 1484 1190 me
1494 1144 1708 1190 honorat?

333 1226 503 1268 Judaeus
522 1227 586 1269 vel
605 1225 743 1275 labiis,
767 1232 814 1267 tu
831 1239 931 1267 vero
949 1237 1029 1265 nec
1051 1221 1185 1265 labiis.
1213 1220 1256 1262 Si
1276 1219 1385 1262 illius
1408 1218 1480 1276 qui
1499 1219 1566 1261 vel
1585 1215 1707 1261 labiis

335 1294 532 1344 honorat,
559 1309 634 1337 cor
650 1296 776 1352 longe
797 1301 861 1336 est
884 1308 906 1334 a
927 1293 1016 1335 Deo
1039 1307 1049 1334 :
1079 1290 1296 1350 quomodo
1326 1297 1466 1348 potest
1490 1303 1566 1332 cor
1587 1296 1711 1333 tuum

335 1380 469 1424 prope
500 1379 607 1415 esse,
642 1363 713 1422 qui
748 1363 878 1407 etiam
913 1363 1034 1406 labiis
1073 1377 1158 1405 non
1190 1360 1403 1405 honoras?
1437 1358 1637 1412 Quandiu
1667 1366 1710 1403 te

336 1451 509 1480 somnus
525 1467 536 1485 ,
570 1435 762 1494 quandiu
783 1443 824 1478 te
840 1434 1057 1478 saecularia
1089 1423 1260 1483 tenent,
1287 1431 1476 1490 quandiu
1505 1429 1712 1480 sollicitu—

332 1508 452 1551 dines
479 1507 601 1550 istius
625 1506 738 1556 vitae,
765 1506 955 1564 quandiu
981 1503 1179 1548 terrena?

391 1577 580 1622 XXXII.
618 1576 770 1621 Divide
805 1578 952 1620 saltem
988 1577 1079 1618 Deo
1111 1584 1155 1618 et
1184 1575 1341 1621 saeculo
1378 1583 1570 1634 tempora
1604 1582 1709 1619 tua:

332 1650 401 1693 vel
433 1649 604 1707 quando
638 1663 723 1691 non
763 1657 883 1707 potes
908 1663 1032 1707 agere
1062 1647 1105 1690 in
1133 1647 1308 1706 publico
1335 1662 1429 1705 quae
1458 1654 1556 1691 sunt
1591 1645 1710 1691 istius

333 1719 505 1770 mundi,
529 1727 573 1762 et
593 1719 779 1762 tenebrae
800 1718 1034 1778 prohibent
1053 1718 1213 1768 noctis,
1235 1718 1324 1761 Deo
1345 1725 1508 1770 vacato,
1528 1717 1712 1776 indulge

334 1790 597 1834 orationibus
610 1806 622 1839 ;
646 1797 689 1832 et
710 1805 764 1832 ne
789 1789 1083 1832 obdormiscas
1098 1821 1109 1838 ,
1138 1788 1305 1847 psallito
1332 1803 1341 1830 :
1365 1803 1563 1834 somnum
1583 1795 1706 1833 tuum

337 1862 452 1905 bona
471 1861 620 1904 fraude
639 1860 850 1903 fraudato.
870 1860 994 1903 Mane
1009 1859 1176 1909 festina,
1200 1867 1243 1902 et
1264 1860 1317 1902 ad
1336 1858 1571 1906 Ecclesiam
1593 1857 1714 1906 defer

338 1931 545 1991 primitias
565 1930 624 1989 pii
646 1930 733 1974 voti
757 1945 767 1972 :
793 1939 836 1973 et
853 1938 998 1988 postea
1020 1929 1054 1973 si
1072 1938 1196 1973 vocat
1217 1929 1427 1974 saecularis
1452 1928 1681 1973 necessitas
1700 1960 1712 1978 ‚

343 2017 430 2046 non
461 2001 697 2045 excluderis
729 2001 871 2045 dicere
907 2017 917 2044 ε
940 2019 956 2042 ι
979 2003 1280 2046 Praevenerunt
1301 2000 1414 2045 oculi
1442 2000 1527 2044 mei
1560 2015 1713 2051 mane,

344 2072 571 2116 »meditari
607 2072 734 2115 verba
767 2081 839 2115 tua
862 2088 871 2114 :
894 2088 1100 2116 »securus
1129 2075 1334 2132 procedes
1364 2073 1419 2115 ad
1450 2080 1543 2115 tuos
1576 2079 1710 2130 actus.

350 2143 491 2196 Quam
507 2141 745 2200 jucundum
769 2136 971 2186 inchoare
1003 2144 1055 2186 ab
1087 2144 1257 2202 hymnis
1277 2153 1319 2188 et
1342 2142 1541 2193 canticis.
1563 2158 1586 2187 a
1613 2143 1718 2187 bea-

351 2213 606 2258 titudinibus
626 2228 728 2270 quas
746 2212 788 2255 in
804 2213 1030 2271 Evangelio
1047 2215 1149 2272 legis
1165 2213 1177 2236 ³
1196 2214 1213 2256 P
1237 2215 1377 2267 Quam
1398 2227 1652 2273 prosperum
1668 2219 1719 2255 ut

357 2294 398 2329 te
421 2298 558 2328 sermo
577 2283 733 2327 Christi
753 2283 1002 2334 benedicat,
1027 2293 1068 2327 et
1095 2286 1197 2328 dum
1221 2293 1414 2328 recantas
1443 2283 1615 2328 Domini
1641 2283 1718 2327 be-

357 2355 621 2401 nedictiones
637 2387 648 2404 ,
674 2354 862 2398 studium
892 2354 1071 2414 alicujus
1095 2356 1259 2400 virtutis
1288 2371 1473 2400 assumas
1482 2371 1496 2405 ;
1519 2363 1569 2399 ut
1590 2342 1719 2398 'etiam

357 2427 401 2471 in
418 2435 460 2471 te
479 2425 787 2469 benedictionis
809 2425 958 2469 divinae
981 2427 1181 2470 meritum
1205 2443 1496 2487 recognoscas.

414 2497 622 2543 XXXIII.
666 2497 868 2554 Sequitur
903 2513 1046 2540 versus
1082 2498 1254 2556 quintus
1289 2516 1300 2543 z
1331 2519 1347 2540 α
1382 2501 1541 2546 Vocem
1577 2517 1718 2548 meam

357 2566 538 2612 »exaudi
560 2567 796 2610 secundum
822 2567 1153 2611 misericordiam
1177 2578 1291 2612 tuam
1307 2603 1317 2620 ,
1347 2571 1526 2615 Domine
1551 2587 1562 2615 ε
1589 2581 1632 2616 et
1658 2589 1719 2616 se-

406 2670 414 2687 ·
434 2661 518 2697 Psal.
540 2672 625 2702 mxiv,
643 2674 676 2706 9.
696 2681 739 2688 —
757 2672 770 2688 ¹
787 2661 893 2696 ond.
909 2673 1001 2700 xviii,
1018 2662 1071 2705 14,
1087 2668 1119 2697 et
1135 2674 1224 2708 seqq.
1237 2681 1279 2690 —
1298 2667 1312 2690 ³
1336 2665 1456 2699 Maub.
1476 2676 1509 2700 v.
