1800 3236
373 295 593 329 nnosmo.
623 296 668 329 ιιι
697 297 887 329 »suurn
917 298 1063 331 cxvm.
1309 286 1395 350 329
1426 347 1430 352 Ι

37 372 295 421 infirmitatis
316 382 382 419 ost
399 375 554 434 lapsus.
580 377 646 421 Illi
668 378 805 421 debeo
826 379 1078 430 subvenire,
1099 380 1172 439 qui
1199 381 1393 428 laboratae

37 447 159 494 inum
171 446 301 491 etiam
315 447 454 491 odisse
468 446 542 504 qui
558 448 729 507 decipit.
754 449 884 492 Malas
902 449 1031 508 igitur
1049 452 1314 510 operationes
1334 469 1398 496 rc-

35 517 169 578 pellit.
195 517 302 563 Nam
316 517 396 565 nisi
415 517 473 561 ita
494 518 703 578 accipias,
725 519 896 563 videtur
915 521 1084 564 dicere:
1104 539 1122 561 ι
1137 522 1351 566 Discedite
1374 539 1397 567 a

35 602 108 634 me
121 605 136 639 ς
157 588 258 647 quia
278 589 463 632 mundus
487 604 606 640 sum,
630 590 731 648 quia
752 606 884 649 purus
904 606 1014 634 sum.
1045 592 1138 636 Hoc
1161 593 1396 638 Pharisaeus

38 658 225 710 dicebat,
244 660 322 712 sed
335 659 621 718 reprehensus
637 676 660 704 a
677 660 848 704 Christo
863 671 940 704 est.
962 661 1056 706 Non
1070 678 1172 721 ergo
1187 663 1397 724 Propheta

37 728 163 774 dicit:
176 729 359 774 nundus
371 745 482 780 sum,
495 731 587 781 sed,
602 749 620 771 ι
632 731 933 775 con-muudum
947 747 1044 776 crea
1054 733 1096 776 in
1106 749 1192 785 me,
1205 734 1359 778 Deus¹.
1368 754 1386 775 ι

0 798 1 801 ’
36 814 46 851 ,ῖ-
91 799 254 845 XXVI.
284 800 471 859 Ideoque
489 799 674 861 relegato
702 804 916 847 consortio
936 805 1219 864 malignorum
1232 840 1244 857 ,
1275 807 1397 864 quasi

36 869 221 929 quiante
234 871 465 929 permixtus
482 872 562 915 illis
578 874 734 932 suscipi
749 889 835 918 non
850 883 993 934 posset
1008 891 1031 918 a
1041 875 1244 926 Domino,
1261 876 1393 920 dicit:

0 931 2 933 ¹
46 939 250 999 «suscipe
268 943 591 1005 me-sccundum
607 944 824 1001 eloquium
839 954 977 996 tuum,
996 954 1040 989 et
1055 947 1192 989 vivam
1211 962 1222 989 ε
1246 955 1291 990 et
1310 946 1396 990 nou

0 1048 1 1052 ,
35 1011 300 1056 »confundas
315 1028 385 1057 me
404 1014 456 1056 ab
472 1015 764 1072 expectatione
778 1031 872 1060 mea
881 1016 914 1060 ².
931 1035 948 1057 ι
961 1016 1005 1060 Si
1024 1017 1125 1061 vivit
1145 1018 1217 1076 qui
1239 1018 1283 1061 in
1302 1018 1399 1061 sinn

0 1089 12 1145 J
35 1090 101 1137 ost
122 1083 373 1142 patriarchae
401 1084 598 1134 Abrahae,
630 1093 679 1128 ut
708 1086 778 1128 ille
805 1086 988 1130 Lazarus
1015 1103 1180 1146 pauper
1189 1105 1203 1138 ;
1235 1096 1396 1146 quanto

34 1153 168 1211 magis
182 1152 370 1211 vivitqui
386 1154 615 1213 suscipitur
626 1170 649 1197 a
663 1155 862 1199 Christo?
876 1157 1106 1210 Quomodo
1121 1158 1237 1200 enim
1259 1167 1400 1216 potest

0 1226 9 1283 ζ·
34 1223 188 1275 nonin
207 1231 415 1268 aeternum
440 1226 604 1276 vivere,
634 1241 761 1284 quem
791 1229 1048 1286 sempiterna
1073 1230 1157 1272 vita
1183 1230 1395 1289 suscepit,

35 1309 165 1354 quem
183 1303 321 1340 totum
344 1297 424 1340 sibi
446 1297 639 1340 Christus
661 1300 903 1358 assumpsit,
928 1300 1000 1357 qui
1028 1308 1144 1343 totus
1163 1300 1293 1344 Verbi
1315 1309 1396 1350 est,

0 1362 3 1399 ἓ
36 1364 160 1423 cnjus
188 1365 272 1410 vita
305 1367 551 1411 abscondita
577 1377 642 1412 est
667 1368 711 1411 in
736 1369 907 1412 Christo
927 1369 1064 1412 Jesu?
1094 1369 1180 1423 Sed
1200 1379 1245 1413 et
1264 1370 1398 1430 quiin

0 1440 5 1465 7
37 1435 134 1486 sinn
161 1435 344 1480 Abrahae
369 1438 505 1486 sedet,
538 1447 759 1497 susceptus
778 1440 996 1483 a.Christo
1011 1449 1090 1483 est.
1119 1441 1399 1483 Intolerandoe

0 1503 9 1537 ³¹
37 1514 182 1555 antem
193 1507 535 1567 praesumptionis
546 1509 762 1551 videretur
771 1509 914 1552 dicere
923 1509 1013 1553 Deo
1028 1525 1039 1552 :
1056 1527 1073 1548 ι
1081 1508 1260 1568 Suscipe
1270 1525 1337 1552 me
1347 1526 1358 1559 ;
1370 1527 1388 1550 ι

0 1570 3 1581 ”
37 1574 119 1619 nisi
130 1576 383 1634 promissum
394 1576 486 1635 ejus
497 1577 760 1636 adjungeret,
773 1573 953 1622 hoc'estz
968 1581 1024 1623 Ut
1032 1579 1115 1622 hoc
1126 1579 1395 1630 auderemus,

37 1645 129 1705 ipse
152 1645 311 1697 fecisti,
334 1654 410 1690 tuo
431 1656 474 1692 te
490 1648 773 1707 chirographo
793 1651 1088 1700 convenimus,
1110 1651 1183 1708 qui
1205 1658 1398 1693 nostrum

20 1718 370 1777 ,chirographum
379 1719 595 1763 sustulisti.
610 1720 694 1763 Nos
702 1720 881 1765 fecimus
891 1721 1222 1781 chirographum
1232 1722 1396 1771 mortis,

6 1814 10 1817 Ξ
38 1795 98 1831 ιιι
102 1788 304 1847 scripsisti
319 1789 649 1848 chirographum
666 1791 774 1834 vitae.

0 1854 41 1969 Ξ,
97 1856 427 1942 XXV11.E=·gq
435 1875 524 1903 non
537 1861 772 1905 confundas
788 1862 841 1904 ab
858 1863 1152 1921 expectatione
1167 1877 1241 1905 sua
1258 1877 1401 1905 servu-

0 1926 128 1986 {lum
144 1938 283 1981 tuum,
299 1932 400 1990 quia
413 1931 458 1974 in
473 1941 515 1975 te
529 1947 678 1990 sper03
696 1949 792 1991 spes
807 1934 921 1976 enim
938 1949 1025 1976 non
1041 1933 1276 1977 confundit.
1297 1934 1350 1976 Et
1364 1934 1399 1977 si

0 2000 309 2067 Ξίῑίὶιιιίιιιιιιιι,
321 2002 566 2061 patientiam
584 2003 894 2053 subministras,
909 2013 959 2047 ut
973 2004 1083 2047 serre
1101 2004 1332 2063 possimus;
1352 2012 1401 2047 ut

0 2067 139 2139 {quia
154 2081 196 2116 to
210 2081 405 2131 expecto,
423 2089 509 2116 non
527 2075 743 2133 opprimar
758 2074 1088 2125 infirmitatibus,
1106 2090 1191 2118 non
1208 2090 1401 2119 succum-

0 2151 13 2207 ξ
32 2143 140 2188 ham
159 2144 482 2194 tentationibus,
494 2159 579 2188 non
596 2145 754 2204 affligar
768 2147 982 2205 procellis,
997 2147 1043 2189 in
1058 2147 1213 2205 quibus
1227 2155 1294 2190 est
1309 2163 1405 2207 pro-

0 2209 11 2331 Ξ
32 2213 178 2258 banda
198 2214 416 2272 patientia,
440 2223 487 2258 ut
507 2216 701 2274 probatio
721 2225 1021 2274 consequatur,
1046 2232 1141 2274 quae
1161 2232 1279 2276 spem
1301 2232 1401 2260 con-

21 2282 182 2328 firmat
197 2292 241 2327 ct
255 2285 445 2334 roborat,
464 2301 558 2344 quae
574 2302 659 2328 non
676 2287 920 2336 confundit;
940 2287 1022 2329 hoc
1037 2295 1129 2330 est.
1150 2287 1406 2345 Frangimur

0 2322 12 2402 Ξ
35 2353 285 2412 frequenter
302 2355 536 2405 laboribus,
558 2356 818 2415 fatigamur·
841 2357 875 2399 si
900 2371 995 2415 spes
1021 2355 1145 2405 desit,
1179 2357 1407 2399 confundi-

42 2438 157 2474 mur,
177 2433 221 2467 et
240 2432 329 2467 tota
348 2433 492 2467 monte
509 2426 744 2469 turbamur.
768 2426 853 2470 Sed
868 2434 975 2474 esto,
993 2425 1076 2468 sint
1092 2425 1220 2482 aliqui
1237 2425 1333 2467 duri
1349 2427 1403 2468 ad

35 2495 235 2545 labores,
266 2495 379 2538 firmi
401 2497 485 2540 ad
473 2497 648 2554 injurias
666 2497 967 2556 perferendas·
999 2496 1032 2538 si
1061 2511 1179 2554 spem
1212 2495 1401 2547 auferas,

0 2571 8 2694 Ξ
45 2579 131 2608 ιιοιι
151 2573 288 2623 potest
307 2577 511 2625 perpetua
524 2582 616 2610 esse
630 2567 846 2626 patientia.
874 2567 968 2626 Ipsa
988 2566 1190 2626 patientia
1211 2581 1297 2610 non
1312 2581 1407 2624 pro-

96 2667 108 2684 ¹
140 2658 227 2695 Psal.
256 2669 289 2701 ι,
317 2669 370 2694 12.
391 2677 434 2686 —
460 2669 479 2704 ζ
506 2659 562 2695 ld.
594 2670 717 2702 cxvm,
742 2661 815 2696 116.

0 2384 13 2515 Ξ

0 2511 13 2568 Ξ

0 2793 12 2965 ἑ

0 3002 31 3236 4
