1800 3236
315 323 405 370 ’διο
863 337 895 367 s.
933 325 1127 368 AMBnosn'

318 418 392 476 qui
413 431 511 460 cum
528 415 696 460 Christo
714 416 1012 459 resurrexisti?
1038 434 1054 456 a
1071 417 1178 468 Quae
1194 430 1361 460 sursum
1378 423 1475 460 sunt
1492 415 1679 476 quaerite,

315 506 333 531 »
347 487 422 531 ubi
444 487 635 531 Christus
654 495 766 533 est...
790 501 883 544 quae
900 501 1068 529 sursum
1091 495 1190 530 sunt
1215 486 1367 545 sapite,
1393 501 1477 529 non
1505 491 1597 545 quae
1617 495 1682 530 su-

311 566 421 619 »per
442 558 636 603 terram¹.
668 577 684 599 n
698 558 854 602 Mortui
879 572 1024 601 sumus
1045 557 1167 601 terris
1183 591 1194 608 ,
1221 558 1348 601 vitam
1371 568 1562 602 nostram
1584 568 1683 602 eum

313 631 483 675 Christo
502 629 801 673 abscondimus
817 629 860 671 in
875 628 965 672 Deo
988 636 1131 671 nostro
1154 643 1163 670 :
1184 643 1268 671 non
1284 628 1373 686 jam
1390 643 1466 671 nos
1483 628 1680 679 vivimus,

310 704 387 748 sed
407 690 598 746 Christus
619 700 721 744 vivit
742 700 785 743 in
807 700 942 743 nohis.
962 699 1078 752 Quid
1098 700 1252 742 iterum
1271 701 1323 742 a'd
1339 707 1506 743 terrena
1520 713 1680 744 remea·
1726 706 1729 711 ’

310 773 588 818 m11s?«Ecce
607 771 798 830 elongavi
814 771 978 829 fugiens
996 789 1011 810 »
1026 770 1129 813 dicit
1147 769 1340 813 Sanctus.
1360 788 1376 810 α
1392 763 1678 830 νίᾶίὶειςίιθοε

311 842 575 901 »iniquitatis
602 850 644 886 et
675 841 1022 885 contradictionis
1054 841 1096 882 in
1130 839 1343 883 civitate².
1366 855 1381 881 n
1399 840 1558 899 La'quei
1587 847 1686 884 sunt
1732 868 1734 870 v

313 915 427 959 enim
450 914 522 958 ubi
538 923 602 957 est
622 923 750 956 usura
775 921 818 956 et
839 914 972 955 dolus.
996 912 1217 970 Elongavit
1235 912 1304 954 ille
1325 912 1489 971 fugietis
1517 922 1686 957 terrena

313 987 550 1034 dedecora;
574 984 669 1026 ideo
688 984 740 1026 ad
761 981 947 1026 coelestia
961 983 1157 1041 pervenit
1178 983 1362 1041 praemia.

372 1055 615 1100 XXXVIII.
653 1054 790 1107 Quid,
819 1054 992 1111 inquam
1010 1086 1020 1102 ,
1041 1062 1084 1096 te
1101 1053 1284 1097 reflectis
1308 1054 1350 1096 in
1375 1059 1555 1105 terram,
1581 1054 1615 1097 si
1642 1054 1686 1097 in

311 1128 460 1172 Enoch
481 1135 626 1185 raptus
655 1125 707 1168 ad
730 1126 887 1168 coelum
912 1140 981 1174 es,
1006 1124 1049 1167 in
1071 1123 1161 1167 Elia
1194 1126 1356 1167 levatus
1383 1140 1427 1167 es
1463 1116 1619 1174 curru,
1644 1124 1688 1167 in

312 1196 442 1243 Paulo
461 1205 605 1256 raptus
623 1204 667 1239 es'
683 1197 736 1239 ad
751 1195 994 1254 paradisum
1011 1227 1022 1244 ‚
1044 1203 1320 1238 conversatus
1336 1195 1378 1238 in
1397 1194 1530 1245 coelis,
1547 1194 1591 1238 in
1607 1196 1688 1238 Da-

314 1270 386 1313 vid
408 1268 654 1317 exauditus3
673 1274 720 1309 ut
742 1281 902 1324 pennas
924 1265 1133 1308 columbae
1151 1276 1409 1316 assumeres,
1427 1273 1472 1308 et
1493 1264 1656 1309 volares
1674 1281 1684 1308 ε

314 1342 360 1385 in
383 1339 550 1383 Christo
578 1337 806 1386 exaltatus,
838 1336 1023 1380 volucris
1057 1335 1192 1378 factus
1222 1336 1264 1378 in
1301 1336 1485 1394 Spiritu;
1518 1339 1688 1395 quando

315 1412 426 1455 sicut
449 1410 647 1453 columba
665 1408 909 1458 descendit,
939 1408 1029 1450 illas
1051 1407 1127 1449 tibi
1145 1408 1229 1450 alas
1252 1407 1395 1458 dedit:
1415 1416 1462 1451 ut
1478 1416 1525 1451 tu
1549 1409 1688 1451 disce-

318 1499 386 1526 res
407 1482 574 1524 evolare
597 1481 648 1523 de
672 1468 824 1522 terris?
838 1478 984 1536 Neque
1007 1493 1108 1521 vero
1132 1479 1421 1521 cunctandum
1443 1487 1566 1538 putes
1587 1494 1689 1537 quo-
1750 1473 1752 1475 ¹

314 1552 444 1596 modo
463 1550 541 1594 tihi
556 1549 785 1593 volandum
803 1549 879 1598 sit,
899 1549 1052 1606 quibus
1072 1549 1234 1590 alarum
1252 1547 1449 1607 remigiis.
1473 1549 1587 1592 Dixit
1601 1549 1690 1607 qui-

319 1624 416 1665 dem
440 1621 576 1664 David
597 1635 607 1662 z
629 1637 645 1658 «
663 1619 768 1671 Quis
792 1619 910 1661 dabit
929 1618 1034 1661 mihi
1062 1633 1224 1677 pennas
1246 1618 1356 1662 sicut
1386 1619 1596 1662 columhae
1610 1652 1623 1670 ‚
1647 1623 1691 1663 et

319 1709 336 1734 n
350 1692 499 1736 volabo
513 1725 524 1741 ,
549 1699 592 1733 et
613 1689 881 1746 requiescam
895 1687 941 1730 ³?
962 1708 978 1729 »
998 1689 1051 1731 Et
1073 1689 1191 1747 quasi
1215 1689 1431 1732 dubitasse
1449 1690 1558 1732 visus
1579 1696 1643 1733 est
1667 1703 1690 1733 a

318 1774 403 1822 ‘quo
430 1773 589 1822 pennas
611 1766 755 1820 posset
785 1760 1002 1818 accipere;
1028 1759 1128 1802 licet
1148 1760 1206 1802 sic
1239 1760 1370 1803 soleat
1398 1760 1536 1804 divina
1558 1761 1690 1820 gratia

319 1832 551 1882 declarari,
575 1841 668 1890 quae
693 1831 736 1873 in
759 1831 882 1873 terris
904 1845 988 1872 non
1013 1839 1153 1888 potest
1175 1831 1353 1874 inveniri
1375 1848 1384 1872 :
1407 1832 1521 1874 idem
1545 1841 1690 1875 tamen

320 1907 363 1948 in
387 1903 690 1963 posterioribus
707 1935 718 1951 ,
745 1917 837 1959 quae
860 1901 943 1944 sint
971 1901 1059 1944 istae
1089 1917 1261 1960 pennae,
1295 1903 1441 1945 docuit
1472 1902 1690 1945 evidenter

321 1976 466 2019 dicens
481 1990 490 2017 :
508 1991 523 2013 «
537 1973 580 2017 Si
597 1972 813 2015 dormiatis
835 1972 944 2014 inter
964 1972 1127 2015 medios
1145 1974 1297 2021 cleros,
1318 1985 1467 2032 pennae
1477 1974 1690 2017 columbae

319 2064 338 2086 »
352 2047 655 2102 deargentatae,
679 2050 721 2085 et
746 2043 978 2100 posteriora
1003 2043 1114 2086 dorsi
1136 2043 1227 2101 ejus
1259 2044 1301 2086 in
1331 2044 1471 2102 specie
1502 2044 1635 2087 auri‘.
1662 2062 1679 2084 n

318 2116 408 2159 Etsi
432 2115 614 2158 dormias
628 2147 638 2165 ‚
668 2121 880 2172 exurgunt
895 2120 1038 2156 tamen
1054 2130 1204 2172 pennae
1220 2123 1316 2158 tuae.
1348 2115 1458 2158 Sunt
1479 2111 1590 2159 enim
1618 2116 1690 2174 qui

320 2184 495 2247 vigilant
511 2186 768 2229 dormientes
780 2219 790 2235 ‚
819 2193 866 2228 ut
886 2179 1084 2244 vigilabat
1102 2185 1172 2228 illa
1189 2202 1282 2243 quae
1309 2187 1413 2230 dixit
1431 2203 1441 2228 :
1459 2205 1475 2228 α
1491 2184 1579 2246 Ego
1597 2186 1690 2230 dor-

317 2275 337 2300 »
351 2258 459 2307 mio,
485 2265 527 2300 et
547 2265 621 2299 cor
640 2271 784 2298 meum
805 2255 991 2314 vigilat&
1015 2274 1030 2294 »
1043 2255 1226 2299 Etsinox
1241 2266 1322 2307 est,
1341 2257 1486 2316 vigilat
1500 2258 1687 2317 spiritus,

325 2324 378 2372 de
411 2343 494 2386 quo
525 2328 731 2385 scriptum
762 2335 825 2370 est
865 2343 908 2368 τι
931 2327 995 2369 De
1024 2334 1151 2369 nocte
1185 2327 1327 2384 vigilat
1359 2329 1411 2370 ad
1440 2336 1481 2371 te
1519 2321 1689 2387 spiritus

321 2412 339 2441 a
353 2399 513 2443 meus⁶.
536 2417 552 2439 »
564 2397 686 2442 Tune
704 2397 780 2441 tibi
798 2399 1037 2456 pandentur
1053 2398 1128 2440 alae
1148 2413 1200 2440 ex
1216 2398 1393 2455 eloquiis
1414 2398 1685 2457 spiritalibus,

322 2470 590 2529 pretiosaque
618 2468 708 2511 auri
730 2467 957 2526 prudentia
981 2468 1145 2511 volatus
1171 2476 1372 2527 assurget.
1403 2467 1482 2511 Ubi
1505 2483 1605 2527 ergo
1626 2471 1691 2512 la-

322 2551 454 2598 queos
475 2538 632 2597 poteris
647 2539 972 2598 pertimescere,
998 2539 1066 2581 eui
1084 2539 1307 2597 remigium
1329 2543 1481 2598 praesto
1503 2539 1689 2598 spiritale

370 2649 378 2664 ¹
399 2629 523 2673 Coloss.
546 2650 597 2676 ιη,
619 2650 647 2680 ι,
664 2651 692 2672 2.
715 2658 756 2664 —
779 2649 791 2664 ²
818 2640 901 2673 Psal.
923 2651 988 2673 mv·
1011 2641 1099 2674 8-10.
1116 2659 1158 2667 —
1174 2642 1187 2665 3
1205 2641 1293 2675 Ibid.
1311 2653 1341 2685 7.
1360 2660 1398 2668 —
1415 2641 1496 2676 ⁴121.
1513 2652 1620 2680 nvn,
1638 2641 1688 2681 14.

324 2711 366 2720 —
383 2695 397 2718 ὅ
412 2694 509 2727 Cant.
530 2704 566 2733 11,
584 2695 619 2727 5.
636 2711 677 2718 -—
696 2695 709 2716 ⁵
728 2694 803 2727 lsai.
822 2702 912 2733 xxvi,
928 2706 960 2738 9.
