1800 3236
365 312 456 370 444
914 325 945 358 s.
987 325 1177 358 Amnnosu

366 408 525 454 minata
541 407 733 469 largitur,
748 415 790 451 et
814 407 927 450 salvo
949 405 1090 450 omnia
1108 405 1300 450 decernit
1321 405 1527 451 examine.
1561 406 1731 452 Ponde-

367 491 434 527 rat
449 480 800 529 misericordiam,
820 477 1028 537 ponderat
1048 477 1277 540 ultionem;
1301 477 1344 521 in
1367 485 1547 536 utroque
1564 485 1730 523 certum

366 555 534 614 pondus
550 587 561 604 ,
584 552 821 609 habilisque
842 565 1040 593 mensura
1057 557 1132 592 est.
1164 550 1284 592 Unde
1306 557 1349 592 et
1367 549 1506 593 David
1526 550 1584 594 ait
1602 565 1613 593 z
1641 569 1656 591 ι
1678 551 1732 594 Et

368 633 548 684 »potum
578 623 696 666 dabis
727 622 807 664 illis
842 621 885 664 in
916 621 1141 679 lacrymis,
1169 620 1211 663 in
1240 619 1459 663 mensura¹
1481 638 1493 671 ;
1517 639 1534 662 »
1566 636 1620 664 ne
1642 621 1733 664 sine

372 693 664 740 moderatione
683 707 893 737 mensurae
914 707 1049 750 poenoe
1074 692 1248 734 cumulo
1269 700 1560 749 gravarentur,
1582 699 1626 735 ct
1646 706 1733 734 sus-

374 768 509 810 tinere
537 781 625 809 non
651 771 836 824 possent.
874 763 927 806 Et
952 760 1052 805 alibi
1079 762 1192 805 idem
1216 762 1272 804 ait
1298 762 1540 821 Propheta:
1578 780 1594 803 «
1617 762 1736 807 Calix

372 858 388 880 2)
403 839 445 882 in
467 853 597 881 manu
618 835 791 880 Domini
811 835 895 878 vini
922 834 1030 877 meri
1051 834 1202 892 plenus
1226 841 1290 878 est
1309 833 1455 876 mixto.
1481 833 1535 877 Et
1554 826 1730 877 inclina·

374 910 463 953 »vit
483 925 533 952 ex
557 908 640 951 hoc
663 907 706 950 in
730 907 840 955 hoc3
864 914 1156 948 verumtamen
1179 904 1258 947 saex
1285 903 1377 962 ejus
1399 918 1486 948 non
1508 912 1570 948 est
1599 903 1737 947 exina—

375 999 391 1021 »
405 979 531 1024 nita2.
554 980 635 1022 »Et
651 977 883 1021 Hieremias
901 976 983 1019 ait:
1006 995 1022 1015 α
1045 975 1162 1018 Calix
1176 976 1530 1034 aureusBabylon
1546 975 1590 1019 in
1606 990 1737 1022 manu

375 1050 592 1101 »Domini,
616 1065 637 1092 a
660 1065 744 1107 quo
766 1047 982 1091 inebriatoe
1005 1055 1104 1090 sunt
1125 1046 1295 1105 gentes⁸
1329 1062 1339 1089 ε
1360 1065 1377 1087 »
1404 1046 1488 1090 hoc
1509 1054 1586 1098 est,
1611 1062 1737 1105 poena

378 1136 400 1164 a
433 1120 677 1163 nationibus
700 1120 914 1179 persoluta
943 1127 1031 1179 est3
1059 1133 1112 1160 ne
1144 1117 1300 1160 diutius
1323 1117 1597 1166 insultarent,
1622 1117 1740 1175 quod

378 1192 456 1236 Dei
483 1193 693 1250 populum
723 1189 997 1233 acerbissima
1029 1188 1301 1248 populatione
1334 1195 1544 1242 vexarent.
1582 1187 1740 1231 Sensus

380 1262 506 1320 igitur
527 1277 670 1304 versus
701 1260 892 1304 Davidici
918 1260 988 1302 hic
1011 1268 1075 1303 est
1092 1260 1110 1302 ':
1132 1260 1279 1302 Parata
1307 1267 1349 1302 et
1381 1260 1504 1318 plena
1531 1266 1595 1302 est
1614 1272 1742 1317 poena

382 1347 474 1390 quae
492 1332 672 1375 debetur
693 1331 854 1390 impiis,
884 1346 1010 1389 quam
1032 1330 1239 1373 Dominus
1261 1330 1445 1373 declinat
1466 1330 1508 1372 in
1525 1328 1709 1388 perfidos
1728 1343 1739 1371 :

381 1404 455 1446 sed
477 1411 619 1447 tamen
642 1403 913 1445 miseratione
940 1417 1014 1444 sua
1034 1417 1121 1445 non
1141 1416 1276 1459 usque
1302 1402 1354 1444 ad
1377 1401 1524 1444 saecem
1547 1400 1745 1458 dignatur

381 1474 626 1524 effundam
655 1490 708 1517 ne
741 1474 1052 1533 plenitudinem
1086 1472 1280 1532 supplicii
1307 1472 1418 1515 ferro
1451 1486 1538 1515 non
1563 1471 1738 1529 possint.

351 1570 355 1574 ·
380 1545 563 1588 Inclinat
586 1559 686 1602 ergo
710 1544 912 1602 calicem,
937 1559 1023 1587 non
1047 1551 1236 1587 evacuat.
1263 1542 1392 1595 Quod
1417 1542 1620 1591 inclinat,
1650 1556 1745 1586 cen-

381 1631 488 1660 surae
511 1624 572 1659 est
598 1631 608 1659 ε
632 1617 748 1674 quod
765 1631 850 1658 non
868 1623 1061 1666 evacuat,
1079 1614 1394 1658 misericordias.

442 1686 571 1731 XLII.
608 1687 719 1745 Ergo
756 1686 966 1744 judicium
998 1701 1166 1743 quoque
1206 1684 1497 1727 misericordia
1534 1691 1746 1742 temperat

382 1758 589 1802 Dominus
605 1758 719 1801 Deus
733 1765 889 1800 nostor.
919 1757 1024 1809 Quis
1045 1758 1159 1799 enim
1180 1764 1375 1799 nostrum
1396 1755 1486 1798 sine
1509 1749 1648 1798 divina
1667 1769 1749 1813 po-

385 1837 468 1872 test
490 1828 760 1871 miseratione
781 1827 1041 1870 subsistere?
1063 1827 1179 1880 Quid
1199 1841 1423 1884 possumus
1447 1825 1621 1883 dignum
1645 1839 1749 1883 prae-

384 1900 479 1943 miis
502 1899 642 1943 facere
667 1899 941 1942 coelestibus?
963 1899 1068 1951 Quis
1089 1907 1282 1940 nostrum
1309 1897 1366 1940 ita
1393 1897 1573 1954 assurgit
1597 1897 1640 1939 in
1660 1896 1745 1940 hoc

386 1986 564 2030 corpore
578 1988 590 2020 3
622 1979 669 2013 ut
697 1970 885 2013 animum
918 1984 1042 2011 suum
1066 1970 1227 2018 elevet,
1251 1983 1335 2026 quo
1358 1967 1513 2026 jugiter
1538 1967 1750 2010 adhaereat

388 2042 588 2094 Christo?
626 2042 723 2095 Quo
762 2042 932 2084 tandem
963 2040 1185 2083 hominum
1218 2040 1420 2083 meritum
1453 2038 1671 2089 desertum
1699 2046 1749 2082 ut

387 2113 478 2157 haec
500 2111 787 2171 corruptibilis
811 2127 908 2154 caro
932 2112 1080 2154 induat
1102 2111 1483 2170 incorruptionem,
1505 2118 1548 2154 et
1567 2111 1749 2154 mortale

388 2185 471 2228 hoe
503 2185 649 2227 induat
681 2182 1084 2226 immortalitatem?
1118 2182 1284 2234 Quibus
1313 2182 1532 2225 laboribus
1551 2215 1563 2232 ,
1596 2181 1750 2240 quibus

388 2254 552 2312 injuriis
577 2269 799 2313 possumus
825 2262 964 2296 nostra
993 2254 1137 2295 eluere
1161 2252 1375 2310 peccata?
1407 2252 1628 2310 «Indignae
1653 2259 1752 2296 sunt

388 2326 630 2384 »passiones
654 2324 782 2382 hujus
806 2324 1006 2382 temporis
1029 2325 1081 2366 ad
1106 2332 1456 2382 superventuram
1479 2321 1696 2383 gloriam‘.
1720 2341 1736 2362 ι

387 2397 482 2442 Non
514 2413 614 2455 ergo
650 2398 886 2440 secundum
910 2396 1060 2439 merita
1090 2403 1258 2444 nostra,
1296 2396 1370 2438 sed
1401 2397 1639 2439 secundum
1669 2395 1754 2438 mi-

391 2469 664 2511 sericordiam
684 2468 778 2519 Dei,
802 2468 1038 2512 coelestium
1056 2468 1326 2511 decretorum
1343 2467 1385 2511 in
1405 2466 1600 2510 homines
1614 2466 1752 2510 forma

390 2540 597 2596 procedit.

438 2647 446 2661 ¹
483 2641 567 2674 Psal.
597 2653 714 2683 cxxix,
735 2643 767 2677 6.
785 2661 825 2670 --
854 2653 866 2669 ¹
895 2642 947 2677 ld.
974 2653 1079 2680 mxxiv,
1106 2653 1139 2684 9.
1166 2659 1202 2667 -
1231 2643 1245 2666 ³
1272 2641 1394 2674 Jerem.
1415 2650 1469 2681 m,
1495 2651 1528 2683 7.
1552 2657 1591 2664 -
1617 2640 1631 2667 ⁴
1657 2638 1751 2672 nom.

390 2703 466 2735 vm,
484 2693 536 2731 ιδ.
