1800 3236
377 273 463 323 224
925 280 956 308 s.
994 277 1190 308 Annnosu

373 364 522 410 animae
549 375 633 405 suae
653 358 801 418 quaerit
822 356 1096 401 refectionem
1119 390 1130 406 ,
1156 355 1393 399 humilitate
1417 363 1631 405 curvetur,
1652 369 1738 414 quo

370 433 502 495 possit
519 431 642 476 citius
660 431 713 472 ad
737 427 908 473 Domini
929 426 1148 487 pervenire
1165 426 1512 471 misericordiam.
1548 472 1553 478 x
1747 414 1758 418 s

433 502 507 546 ΙΙΙ.
541 501 729 558 Ideoque
749 507 948 556 tanquam
968 505 1165 540 curvatus
1186 498 1321 540 multo
1339 497 1518 556 amplius
1540 495 1679 540 anima
1690 512 1739 541 ac

373 581 517 619 mente
531 605 542 623 ‚
562 586 689 629 quam
711 585 890 629 corpore
907 583 1078 613 exorsus
1102 576 1165 611 est
1181 567 1337 618 David,
1359 568 1503 611 dicens
1521 583 1531 610 ε
1549 567 1741 611 «Defecit

372 646 445 689 »in
463 645 642 687 salutare
662 650 784 684 tuum
810 640 949 683 anima
979 655 1071 683 mea
1086 673 1096 689 ,
1131 639 1230 682 etin
1254 639 1431 682 verbum
1454 647 1576 682 tuum
1589 654 1740 697 super-—

375 715 566 775 »speravi
588 703 619 757 ’ζ
648 713 769 757 »Non
794 712 988 770 usitatus>
1008 725 1147 754 sermo
1170 726 1246 753 nos
1270 711 1428 776 capiam
1458 719 1506 753 ut
1537 719 1740 769 tanquam

374 802 587 848 corporeae
622 785 874 844 fatigationis
896 782 1178 827 defectionem
1204 782 1451 839 hujusmodi
1480 782 1736 841 judicemus.

375 860 521 918 Neque
540 856 653 901 enim
675 855 758 899 hoc
779 857 916 898 solum
941 854 1042 897 dixit
1062 869 1103 897 :«
1122 853 1286 897 Defecit
1307 853 1447 896 anima
1466 868 1560 896 mea
1575 870 1587 903 ;
1613 872 1629 894 n
1643 853 1738 903 sed,

386 949 402 971 α
419 928 583 974 Defecit
616 926 658 969 in
684 928 864 969 salutare
896 934 1031 968 tuum.
1068 924 1243 982 »Itaque
1268 932 1314 967 ut
1345 925 1397 967 de
1423 939 1500 967 usu
1527 923 1742 982 capiamus

374 1000 632 1059 exemplum,
656 997 706 1047 si,
730 997 847 1040 verbi
864 996 997 1054 gratia
1012 1028 1023 1045 ‚
1039 995 1228 1037 dicamus
1253 994 1443 1038 :Defecit
1463 995 1533 1037 ille
1547 994 1589 1037 in
1607 994 1739 1044 illam,

374 1074 542 1117 videtur
563 1069 741 1130 exprimi
761 1068 844 1130 hoc
861 1067 992 1111 verbo
1008 1100 1019 1116 ,
1039 1068 1152 1125 quod
1170 1066 1283 1109 totus
1305 1066 1348 1110 in
1369 1066 1557 1110 mulieris
1576 1066 1744 1110 deside-

375 1146 487 1190 rium
508 1141 738 1200 cupiditate
755 1138 980 1183 transierit.
1006 1139 1059 1181 Et
1081 1137 1286 1195 quidquid
1302 1146 1365 1180 est
1386 1136 1502 1195 quod
1519 1136 1745 1181 vehemen-

375 1224 440 1260 ter
463 1211 724 1271 expetimus,
749 1209 828 1254 nisi
848 1209 939 1266 ejus
961 1208 1239 1250 maturiorem
1260 1207 1492 1250 habeamus
1514 1206 1712 1250 effectum
1727 1239 1740 1257 ,

377 1287 421 1331 id
443 1300 519 1329 nos
539 1282 705 1326 videtur
720 1281 844 1337 longa
864 1279 1046 1337 quadam
1068 1277 1304 1320 intentione
1324 1278 1492 1321 lassare.
1514 1276 1646 1320 Amor
1662 1277 1744 1320 im·-

376 1355 538 1417 patiens
561 1352 629 1396 die
655 1359 865 1407 nocteque
887 1348 1148 1391 meretricias
1173 1347 1281 1391 fores
1307 1349 1478 1406 pulsans
1493 1380 1504 1398 ,
1529 1348 1564 1391 si
1586 1347 1744 1391 diutius

376 1423 566 1486 potiendi
589 1420 793 1465 desideria
825 1419 1093 1469 disserantur,
1129 1418 1217 1477 ipsa
1249 1417 1393 1461 deficit
1417 1419 1740 1478 expectatione,

378 1499 481 1542 dum
503 1501 643 1554 sperat
668 1508 677 1535 :
704 1491 747 1534 in
773 1506 856 1549 quo
887 1491 1034 1548 utique
1063 1504 1149 1532 non
1181 1489 1276 1532 finis
1305 1490 1483 1540 amoris,
1513 1492 1586 1534 sed
1608 1490 1746 1534 incre-

377 1575 571 1614 mentum
592 1571 667 1607 est.
696 1563 749 1605 Et
769 1561 975 1620 quidquid
995 1569 1057 1604 est
1078 1560 1356 1604 desiderabile
1371 1594 1380 1611 ‚
1403 1562 1437 1604 si
1463 1577 1549 1604 non
1577 1561 1746 1605 contin-'—

379 1646 448 1698 gat
483 1633 759 1683 desideranti,
797 1631 941 1675 deficit
967 1632 1010 1674 in
1041 1632 1166 1681 illud,
1202 1640 1244 1674 et
1274 1632 1392 1690 quasi
1413 1632 1547 1691 ipsam
1573 1632 1747 1691 deponit

382 1709 566 1753 animam
589 1705 661 1764 qui
685 1704 908 1747 desiderat.
942 1703 986 1746 Si
1022 1711 1163 1746 tamen
1192 1719 1284 1762 spes
1318 1704 1493 1763 propior
1528 1712 1744 1762 assurgat,

381 1782 453 1824 dat
486 1778 594 1822 vires
618 1791 710 1834 spes
736 1774 964 1834 proxima:
990 1773 1022 1816 si
1047 1783 1188 1817 autem
1211 1775 1399 1817 absentia
1421 1774 1475 1818 sit
1493 1774 1664 1825 dilecti,
1695 1789 1745 1818 eo

375 1851 469 1912 ipso
486 1848 602 1908 quod
618 1848 835 1890 absentem
854 1846 1084 1898 desiderat,
1110 1846 1182 1904 qui
1201 1846 1474 1905 concupivit,
1495 1846 1644 1889 animae
1661 1861 1746 1889 suae

378 1922 537 1983 patitur
558 1918 850 1962 defectionem.
873 1917 1020 1975 Itaque
1043 1925 1200 1974 quanto
1223 1917 1390 1975 longius
1407 1925 1472 1960 est
1495 1916 1609 1960 istud
1630 1917 1747 1974 quod

381 1993 657 2040 desideratur,
681 1996 799 2031 tanto
820 1988 952 2046 magis
980 1987 1124 2031 deficit
1145 1987 1217 2045 qui
1240 1950 1463 2030 desiderat.
1491 1987 1540 2029 Id
1554 1994 1619 2029 est
1645 2000 1746 2045 crgo

380 2063 586 2112 'deficere3
609 2074 959 2117 unumquemque
980 2059 1023 2102 in
1054 2059 1097 2101 id
1126 2059 1223 2102 totis
1247 2059 1395 2102 studiis
1423 2058 1605 2116 migrare
1625 2056 1748 2116 quod

382 2136 538 2194 diligat.
571 2134 681 2176 Illud
707 2131 888 2190 cogitat,
912 2130 972 2173 illi
1003 2130 1213 2181 adhaeret,
1241 2129 1348 2173 illud
1376 2137 1597 2187 personat,
1633 2127 1748 2186 quod

379 2200 587 2265 'receperit
618 2203 876 2261 diligendum
891 2234 901 2251 ‚
939 2201 982 2244 in
1019 2201 1063 2244 id
1102 2203 1284 2258 quadam
1326 2201 1475 2243 animae
1509 2199 1747 2243 desectione

381 2275 712 2323 transfundit11r3
727 2280 775 2315 ut
791 2273 825 2315 si
842 2281 979 2315 mater
990 2269 1064 2313 filii
1076 2279 1272 2329 expectet
1284 2271 1550 2330 praesentiam
1566 2291 1579 2320 ·,
1603 2277 1747 2328 qnem-

382 2348 611 2392 admodum
634 2343 883 2401 expectabat
901 2342 1045 2386 Tobiae
1063 2341 1320 2388 uxor-filium
1346 2341 1687 2400 peregrinantem
1703 2339 1743 2390 ’,-

384 2417 583 2462 deficiens
606 2431 627 2457 a
651 2413 880 2462 desiderio,
914 2421 956 2456 et
985 2412 1026 2454 in
1063 2412 1262 2470 angustiis
1292 2412 1548 2460 constituta,
1587 2419 1631 2454 et
1659 2420 1748 2454 tan-

382 2503 506 2548 quam
530 2487 710 2530 resoluta
748 2484 920 2527 viribus..
963 2481 1078 2534 Quid
1099 2482 1221 2540 ‘fenim
1260 2481 1374 2524 aliud
1414 2481 1493 2524 nisi
1535 2482 1747 2524 defectum

382 2559 607 2618 quemdam
630 2555 728 2613 ejus-
742 2555 871 2598 verba
893 2552 1162 2612 significanti)
1184 2552 1268 2599 Sed
1295 2567 1378 2610 quo
1410 2551 1543 2611 magis
1571 2553 1748 2596 lassatur

431 2661 438 2675 ·
461 2649 542 2683 Pstl.
562 2659 674 2687 cxvm,
691 2647 744 2680 81.
765 2664 804 2672 -—
825 2655 837 2671 ²
856 2644 942 2679 Tob.
959 2655 993 2686 x,
1012 2644 1044 2684 5,
1062 2643 1094 2683 4,
1114 2648 1145 2678 et
1160 2654 1251 2687 seqq.
