1800 3236
396 290 401 293 ⁴
461 308 680 340 nxrosirio
708 308 753 340 m
781 308 971 339 »eninm
1003 309 1148 339 cxnu.
1394 293 1479 340 305

4 372 35 419 s
105 386 254 503 igigur
265 385 455 446 quisquis
467 388 617 434 fecerit
629 389 734 449 legis
746 389 920 448 judicia,
939 387 1281 432 remuneratione
1302 388 1486 433 donatur

4 464 5 467 ’
37 500 39 502 .
124 473 149 502 a
206 458 355 503 bristo.
417 485 428 497 ·

184 529 349 575 XXIX.
383 515 470 574 Sed
490 530 584 589 quis
607 505 767 589 judicia
781 531 859 575 Dei
867 531 1019 575 doceri
1034 539 1191 590 potest,
1210 531 1291 574 nisi
1310 531 1385 589 qui
1400 531 1487 573 ani·

123 615 240 647 mam
265 616 385 645 suam
410 616 579 661 semper
605 601 833 645 intenderit
863 603 917 645 ad
945 600 1211 645 Dominum?
1238 601 1325 654 Qui
1353 609 1493 659 potest

127 671 298 716 dicere:
319 689 338 711 ι
366 670 520 715 Anima
541 687 637 715 mea
667 672 712 715 in
732 672 930 715 manibus
952 672 1035 715 tuis
1059 687 1250 732 semper,
1281 680 1326 715 et
1353 673 1493 731 legem

47 784 50 789 ,
127 749 274 786 »tunm
299 757 386 786 non
416 759 512 786 sum
535 744 691 787 oblitus
708 743 740 788 ¹.
760 763 779 784 ι
801 744 943 802 Aliqui
968 743 1158 787 habent:
1181 761 1200 783 ι
1221 743 1375 787 Anima
1398 757 1495 787 mea

127 809 413 857 »inmanibus
437 814 544 857 meis
563 829 748 873 semper,
768 814 881 857 »hoc
901 822 981 863 est,
1009 814 1053 856 in
1077 808 1244 857 actibus
1258 813 1389 863 meis,
1412 812 1503 856 hoc'

111 893 218 936 est,
240 885 285 928 in
306 885 506 944 operibus
525 885 647 928 meis.
680 885 885 938 Quamvis
913 885 959 928 in
985 878 1186 944 perieulis
1212 885 1374 944 positus
1396 884 1500 927 dicit
1522 891 1527 895 “

36 950 38 952 ’
59 997 63 1003 ,
127 954 267 1014 justus
288 955 343 998 ad
355 955 588 999 Dominum
609 970 620 997 :
638 955 817 1013 Propter
832 963 877 998 te
895 955 1085 1013 quotidie
1104 954 1282 1003 morior,
1305 954 1497 1011 quotidie

46 1036 50 1040 ’
128 1024 376 1087 periclitor:
398 1025 615 1084 periclitor
643 1026 696 1068 ab
716 1025 965 1069 insidiatore
972 1042 985 1074 ;
1004 1025 1224 1084 periclitor
1245 1024 1297 1067 ab
1321 1025 1499 1067 obtrec-

49 1111 58 1137 2„
130 1103 269 1139 tatere
281 1113 295 1147 ς
312 1096 595 1155 periclitorab
618 1097 668 1140 iis
683 1092 789 1155 quos
809 1112 959 1156 arguo,
984 1110 1090 1154 quos
1113 1096 1308 1145 revinc03
1325 1095 1498 1155 pericli-

131 1173 201 1209 tor
225 1181 304 1225 pro
331 1166 508 1210 veritate
536 1175 663 1225 atque
694 1167 883 1224 justitia:
915 1182 995 1224 ego
1024 1175 1167 1210 tamen
1194 1181 1275 1209 nec
1299 1167 1503 1224 periculis

58 1258 61 1263 ¹
131 1238 333 1288 territus,
354 1246 439 1282 tuae
459 1238 562 1297 legis
591 1238 748 1282 oblitus
768 1254 894 1282 sum:
918 1247 1168 1296 propterea,·
1196 1255 1214 1276 ι
1240 1238 1289 1280 In
1306 1238 1503 1280 manibus

134 1308 270 1351 »meis
290 1308 430 1351 anima
456 1323 565 1352 moa.
593 1328 611 1349 ι
634 1308 720 1352 Sed
745 1309 844 1367 quia
871 1308 1065 1375 plerique
1086 1306 1278 1350 habent:
1310 1326 1328 1347 ι
1347 1307 1501 1350 Anima

50 1437 53 1439 ,
133 1393 256 1421 »mea
286 1378 332 1422 in
357 1379 555 1422 manibus
573 1379 657 1423 tuis
677 1394 871 1439 semper;
892 1397 910 1419 ι
930 1379 1014 1422 hoc
1038 1379 1165 1422 latius
1183 1379 1499 1438 explanandum

136 1448 333 1494 arbitror.
1135 1477 1137 1479 -

192 1518 340 1564 XXX.
376 1518 467 1563 Scit
489 1519 729 1578 Pr0pheta‚
758 1519 839 1562 scit
869 1519 943 1563 ubi
969 1519 1119 1563 animae
1150 1533 1237 1562 suae
1265 1519 1507 1576 praesidium

137 1591 267 1641 locet,
288 1591 404 1632 unde
424 1605 551 1648 opem
566 1598 711 1648 speret
730 1605 741 1632 :
763 1589 807 1631 in
827 1588 1024 1632 manibus
1043 1588 1124 1631 Dei
1146 1588 1405 1631 constituere
1419 1591 1509 1631 vult

138 1659 323 1704 animam
343 1675 491 1710 suam3
513 1657 616 1719 quia
633 1675 710 1703 cor
729 1659 840 1717 regis
859 1659 904 1701 in
919 1674 1050 1701 manu
1065 1658 1142 1702 Dei
1163 1667 1227 1701 est
1240 1657 1271 1700 ².
1296 1648 1507 1710 Quicuin-

141 1746 226 1789 que
242 1731 461 1790 proprium
479 1746 637 1790 corpus
654 1730 889 1789 subegerit,
912 1743 993 1772 nec
1012 1729 1105 1786 ejus
1125 1729 1390 1788 passionibus
1411 1738 1509 1772 tur·

141 1801 236 1845 bari
266 1802 450 1845 animam
481 1805 603 1845 sua'm
628 1809 771 1844 rector
793 1800 859 1843 sui
884 1815 1072 1858 congrua
1098 1800 1320 1843 vivacitate
1346 1799 1507 1857 permi-

143 1872 277 1923 serit,
305 1872 340 1915 is
368 1872 479 1915 bene
507 1872 622 1930 regia
653 1872 837 1929 quadam
868 1879 1079 1929 potestate
1112 1885 1158 1913 se
1194 1870 1399 1913 cohibens
1431 1886 1507 1914 rex

5 1950 18 2005 ὲ
50 1948 80 1994 42
141 1941 325 1989 dieitur:
347 1941 464 2000 quod
486 1956 634 2000 regere
662 1957 707 1984 se
735 1940 927 1990 noverit,
950 1949 995 1983 et
1015 1940 1175 1983 arbiter
1195 1940 1260 1982 sui
1287 1940 1393 1998 juris
1417 1940 1470 1982 sit
1489 1957 1501 1981 ε

6 2016 19 2064 ἷξ
49 2042 64 2056 ,2
140 2026 228 2059 non
255 2011 445 2070 captivus
470 2010 664 2053 trabatur
701 2011 746 2052 in
778 2011 974 2067 culpam,
1006 2024 1087 2053 nec
1117 2025 1305 2068 praeceps
1341 2010 1503 2053 seratur

54 2074 60 2122 f
136 2078 181 2125 in
208 2082 372 2126 vitium.
397 2081 536 2139 Hujus
557 2081 696 2123 anima
718 2095 806 2123 non
825 2080 937 2138 perit
956 2080 998 2122 in
1025 2088 1256 2130 aeternum,
1277 2095 1359 2123 nec
1381 2080 1500 2137 quis-

14 2166 31 2178 ’-
58 2167 64 2194 1
137 2167 267 2210 quam
297 2151 409 2210 rapit
438 2167 533 2194 eam
558 2152 612 2194 de
641 2166 772 2194 manu
794 2151 930 2194 Patris
954 2151 1255 2209 omnipotentis
1285 2159 1358 2193 aut
1384 2150 1494 2195 Filii.

137 2222 284 2267 uanus
299 2223 415 2266 enim
429 2222 509 2274 Dei
526 2237 622 2280 quae
645 2222 841 2266 solidavit
862 2223 1015 2265 coelum
1027 2253 1040 2271 ,
1057 2236 1166 2279 quos
1180 2222 1388 2272 tenuerit,
1410 2214 1499 2264 non

10 2283 13 2287 ’
56 2304 67 2324 2
139 2292 306 2346 amittit.

195 2363 361 2408 XXXI.
399 2362 506 2415 Quae
526 2362 610 2406 sint
634 2362 764 2422 igitur
782 2363 871 2405 istae
889 2376 1064 2410 manus,
1089 2361 1420 2405 consideremus.
1445 2363 1494 2405 ln
1517 2385 1520 2387 ·

9 2404 21 2482 ἕ,
61 2451 73 2489 ³.
139 2433 323 2477 Canticis
336 2433 490 2477 habes:
505 2433 655 2477 ‹Laeva
673 2433 766 2492 ejus
782 2433 862 2475 sub
884 2431 1022 2489 capite
1039 2445 1153 2480 meo,
1165 2439 1210 2473 et
1219 2432 1390 2474 dextera
1401 2431 1495 2489 ejus

51 2501 58 2571 Ἀ
138 2522 157 2545 ι
168 2502 587 2563 complectetnrme².
594 2522 611 2544 ι
622 2504 723 2546 Haec
732 2502 1087 2561 loquiturSponsa
1095 2501 1148 2544 de
1156 2501 1342 2549 Christo.
1353 2502 1493 2546 anima

22 2593 30 2622 ῑ
138 2576 192 2619 de
206 2575 337 2619 verbo
351 2575 441 2620 Dei.
464 2574 656 2618 Christus
669 2583 812 2619 autem
831 2574 945 2617 idem
966 2581 1031 2616 est
1045 2572 1235 2617 Verbum
1250 2572 1344 2624 Dei,
1368 2582 1494 2632 atque

183 2674 196 2691 ¹
212 2667 299 2702 Psal.
319 2677 437 2707 cxviii,
457 2677 528 2710 ¹09-
541 2683 584 2692 —
598 2674 613 2692 ¹
628 2666 724 2701 Prov.
739 2677 807 2705 ιιι,
827 2676 857 2701 1.
872 2681 912 2692 -·
926 2666 942 2690 ²
955 2664 1053 2699 Cant.
1069 2675 1107 2703 n,
1119 2665 1155 2699 6.

285 2737 384 2766 mm.
1289 2734 1346 2764 20
