1800 3236
371 322 453 380 ¹94
919 335 951 365 s.
991 331 1183 366 Aimnosn

364 428 484 459 rarus
514 415 596 458 hoc
619 413 740 465 dicit,
763 414 803 457 id
821 422 910 465 est,
936 415 1008 473 qui
1024 418 1160 474 legem
1178 413 1256 458 Dei
1282 426 1384 457 auro
1408 420 1534 474 atque
1559 415 1734 473 argento

363 486 579 545 praeferat,
598 486 671 543 qui
693 494 832 544 potest
847 495 1023 545 propter
1042 488 1181 545 legem
1202 485 1281 529 Dei
1303 484 1445 528 omnia
1475 485 1729 543 relinquere.

367 556 561 607 Sednec
584 557 776 599 Christus
799 556 916 600 hunc
948 558 1132 615 reperit,
1161 556 1242 599 nisi
1266 558 1318 599 de
1340 556 1388 599 iis
1411 560 1515 614 'quos
1542 555 1631 614 ipse
1659 557 1736 598 do-

351 644 465 671 ·cere
493 623 686 686 dignatus
713 636 787 670 est.
815 629 965 671 Petrus
1002 629 1085 672 hoe
1115 629 1243 677 dixit,
1274 637 1316 671 et
1336 627 1531 687 probavit
1552 626 1733 677 ess'ectu3
1789 675 1794 678 ,

367 700 465 758 quia
488 700 619 757 pluris
637 701 772 758 legem
792 733 802 750 ,
818 715 944 758 quam
965 716 1112 742 aurum
1130 699 1292 743 habuit.
1315 700 1501 758 Ideoque
1515 698 1598 742 ait:
1617 715 1632 738 α
1654 698 1738 742 Au-
1763 726 1767 729 -

366 787 492 814 »rum
519 779 561 813 et
587 779 808 829 argentum
844 787 929 814 non
954 770 1134 814 habeo&
1153 790 1168 810 »
1194 770 1287 813 Non
1319 785 1468 813 avarus
1496 769 1581 813 hoc
1603 769 1734 820 dicit,

369 843 441 901 qui
480 836 643 885 defosso
683 833 786 885 auro
827 842 1016 885 incubat.
1051 841 1146 885 Non
1190 841 1294 884 dicit
1326 840 1584 900 pecuniosus
1605 873 1618 891 ‚
1663 839 1738 898 qui
1790 835 1793 838 ⁴

351 914 611 972 ⁴quotidiana
659 915 946 957 emolumenta
987 913 1167 975 sollicito
1214 913 1394 955 rimatur
1434 911 1590 955 affectu
1613 945 1624 962 ‚
1664 911 1738 970 qui

368 985 555 1043 quotidie
586 1001 687 1044 opes
722 995 914 1044 aggerat,
956 986 1028 1043 qui
1060 984 1318 1028 haereditatis
1358 984 1496 1027 tendit
1527 967 1740 1043 'aucupiass

369 1057 440 1115 qui
463 1058 576 1099 circa
599 1057 839 1116 aegrotantis
859 1059 1065 1101 lectulum
1089 1057 1316 1103 indefessas
1330 1064 1501 1099 exercet
1517 1054 1731 1099 excubias.

354 1144 355 1147 ¹
428 1127 570 1170 XXII.
600 1128 679 1170 Hic
703 1127 832 1186 aliqui
860 1129 996 1186 legem
1024 1127 1207 1171 oris'Dei
1231 1136 1428 1185 tanquam
1452 1128 1589 1187 legem
1610 1125 1738 1171 Verbi

365 1198 445 1243 Dei
467 1199 701 1257 accipiunt,
727 1207 774 1241 ut
803 1199 836 1241 si
872 1199 986 1242 dieas
1004 1200 1139 1257 legem
1165 1200 1347 1242 dexterae
1372 1196 1464 1241 Dei.
1498 1197 1614 1242 Bene
1636 1211 1737 1256 ergo

367 1277 411 1312 et
430 1270 511 1312 hoc
535 1269 732 1313 convenit
753 1269 878 1312 Petro
892 1270 1072 1312 dicenti:
1091 1270 1252 1314 «Verba
1275 1269 1370 1312 vitae
1386 1276 1555 1312 aeternae
1574 1267 1707 1312 habes
1722 1301 1734 1317 ,

368 1349 440 1383 »et
461 1355 536 1383 nos
574 1341 861 1398 relinquemus
886 1339 949 1384 te⁸
965 1341 984 1384 Ρ
1000 1360 1016 1381 »
1043 1341 1126 1384 hoc
1148 1349 1232 1390 est,
1250 1359 1266 1380 α
1289 1339 1378 1383 Lex
1409 1339 1494 1382 oris
1517 1338 1580 1382 tui
1610 1354 1739 1398 super

368 1412 528 1454 »millia
548 1412 636 1455 auri
654 1420 696 1455 et
719 1412 880 1471 argenti
903 1399 982 1456 esu
1004 1412 1085 1456 »Et
1101 1428 1326 1471 possumus
1354 1418 1523 1459 tantum
1541 1411 1738 1455 deserere

367 1482 558 1532 bonum,
596 1492 638 1526 et
667 1483 809 1526 saeculi
846 1483 973 1541 hujus
1011 1485 1302 1526 emolumenta
1333 1482 1546 1542 captare?
1580 1481 1664 1527 Sed
1692 1490 1737 1526 et

368 1552 534 1611 Moyses
556 1554 623 1607 lex
644 1554 728 1596 oris
749 1554 826 1605 Dei
848 1563 986 1613 potest
1001 1555 1109 1606 dici,
1134 1570 1208 1614 per
1235 1570 1362 1614 quem
1385 1554 1590 1599 Dominus
1617 1554 1737 1599 locu-

369 1632 438 1666 tus
458 1622 546 1674 est,
571 1633 613 1668 et
630 1624 746 1668 dedit
770 1624 939 1684 Legem.

370 1780 1740 1805 mmmmmmwsmmmmzummWtwumssmwtmmm

918 1901 1102 1950 SERMO
1132 1905 1187 1950 X.

1018 2032 1108 2076 lod.

424 2174 472 2218 ⁸1.
499 2172 660 2218 lucum*
682 2171 820 2217 littera
839 2171 953 2231 apud
969 2170 1170 2215 Hebraeos
1194 2171 1360 2216 decima
1379 2171 1485 2225 lod,
1509 2186 1603 2232 quoe
1618 2171 1747 2217 latina

383 2246 688 2307 significatione
702 2264 718 2285 ιι
743 2245 962 2288 Confessio
976 2263 992 2284 n
1015 2244 1195 2294 dicitur,
1220 2246 1286 2289 vel
1309 2253 1455 2288 certe«
1472 2245 1697 2289 Desolatio.
1721 2263 1738 2285 ι

385 2320 474 2365 Nec
495 2320 655 2362 discors
683 2333 730 2361 ae
756 2318 975 2360 dissonans
1002 2315 1169 2358 videtur
1191 2314 1495 2374 interpretatio.
1529 2315 1749 2373 Siquidem
1799 2370 1800 2376 1

388 2391 461 2448 qui
479 2389 654 2433 desolati
676 2397 795 2438 sunt,
821 2387 945 2430 citius
969 2385 1249 2435 confitentum
1273 2387 1406 2444 magis
1423 2386 1538 2429 enim
1554 2386 1752 2429 secundis
1799 2385 1800 2412 ᾗ

389 2461 517 2503 rebus
539 2460 701 2502 animus
734 2458 877 2501 extolli
906 2457 1031 2500 solet:
1059 2471 1158 2499 cum
1185 2464 1329 2500 autem
1350 2465 1527 2516 urgetur
1543 2456 1752 2505 adversis,

388 2540 492 2574 tune
509 2530 697 2573 divinum
714 2530 912 2588 implorat
930 2527 1145 2571 auxilium.
1169 2528 1275 2571 Nam
1286 2536 1329 2571 et
1346 2528 1389 2571 in
1403 2529 1451 2571 iis
1461 2518 1555 2586 quae
1567 2528 1755 2570 humana

392 2612 511 2654 sunt,
551 2603 666 2646 hunc
706 2616 828 2645 usum
856 2616 946 2645 esse
975 2600 1294 2658 cognoscimu53
1333 2608 1382 2645 ut
1411 2600 1481 2647 cui
1517 2600 1758 2647 succedunt

439 2714 450 2731 ⁸
473 2705 545 2740 Act.
557 2716 609 2746 m,
627 2704 661 2741 6.
678 2723 719 2732 —
733 2712 745 2729 ²
762 2705 858 2739 Joan.
875 2714 921 2745 vx,
937 2703 995 2748 69.
