1800 3236
385 289 471 340 284
933 305 966 333 s,
1006 304 1197 334 Amnaosu

375 381 476 425 fidei
504 389 547 424 et
577 389 701 425 castae
731 368 977 426 devotionisv
999 383 1183 426 adolevit
1193 401 1205 433 ς
1241 384 1478 443 meritoque
1498 383 1537 428 ei
1560 384 1741 428 dicitur:

382 451 600 496 aVisitasti
620 461 791 502 terram,
811 461 854 495 ct
871 452 1087 497 inebriasti
1112 454 1224 496 eam'
1237 487 1246 497 .
1263 473 1278 494 »
1294 454 1572 513 Susceptione
1587 455 1745 499 etenim

377 522 565 580 corporis
593 522 795 572 visitavit,
832 532 879 566 ut
907 532 1075 567 sanaret
1103 524 1323 568 infirmos:
1359 526 1583 570 inebriavit
1613 526 1746 585 gratia

377 593 579 653 spiritali,
604 602 649 636 ut
671 593 815 636 anxios
831 593 1102 652 jucunditate
1118 598 1341 639 mulceret.

434 664 575 708 XXV.
611 665 743 708 Recte
774 680 873 724 ergo
903 664 1076 724 Sponsae
1105 667 1262 710 dicitur
1286 682 1329 710 :a
1350 666 1514 711 Favum
1546 666 1748 712 distillant

378 735 518 778 »labia
540 744 628 786 tua,
649 735 810 794 Sponsa
831 752 841 779 ε
866 738 951 779 mel
970 740 1013 779 et
1032 738 1098 780 lac
1120 737 1198 779 sub
1220 738 1362 796 lingua
1385 737 1501 781 tua².
1522 756 1538 778 »
1552 737 1611 782 Os
1633 738 1748 790 enim

376 806 479 866 justi
503 807 676 850 distillat
697 807 947 865 sapientiam
965 823 974 850 ε
1000 809 1053 850 de
1074 823 1147 850 ore
1166 808 1267 866 justi
1289 807 1503 851 suavitatis
1525 816 1568 851 et
1590 808 1750 851 miseri-

377 877 533 921 cordiae
561 867 686 920 mella
712 878 953 936 procedunt
975 895 985 920 ε
1018 878 1061 920 in
1085 893 1157 921 orc
1178 878 1278 936 justi
1301 880 1442 922 nullus
1466 869 1604 929 dolus,
1630 879 1747 922 nulla

371 947 553 997 fallacia,
577 949 691 991 nulla
713 957 776 991 est
795 940 1032 991 amaritudo
1055 949 1234 1008 peccati.
1257 949 1390 993 Audit
1404 948 1599 1001 Ecclesia
1617 949 1748 992 verba

376 1017 500 1075 justi,
527 1018 645 1061 audit
666 1018 785 1077 plebs
805 1019 884 1062 Dei
905 1028 1117 1078 praecepta
1140 1020 1340 1078 sapientis
1354 1052 1367 1070 ‚
1391 1021 1628 1064 delectatur
1645 1021 1753 1063 allo-

377 1088 465 1148 quii
486 1089 707 1139 suavitate,
729 1090 898 1133 moralis
917 1091 1213 1149 disputationis
1233 1090 1505 1148 jucunditate
1523 1091 1753 1141 mulcetur,

385 1158 531 1201 dicens
554 1174 563 1201 :
581 1177 596 1199 α
610 1160 749 1212 Quam
776 1160 916 1203 dulcia
937 1160 1130 1204 saucibus
1151 1161 1256 1204 meis
1277 1161 1404 1204 verba
1421 1169 1656 1218 tuatsuper
1671 1161 1757 1215 mel

378 1237 450 1272 »et
475 1229 618 1272 favum
645 1230 708 1272 ori
735 1232 851 1273 meo!
869 1231 996 1289 »quia
1023 1233 1108 1275 mel
1140 1247 1266 1291 apum
1289 1232 1343 1276 ad
1368 1232 1519 1275 horam
1551 1232 1753 1282 delectat,

378 1301 453 1342 sed
474 1301 558 1343 cito
580 1315 702 1359 sapor
723 1301 1072 1359 ejus-evanescit,
1096 1311 1139 1345 et
1154 1305 1410 1362 plerumque
1425 1303 1588 1347 viscera
1605 1302 1757 1346 vit-{osa

379 1369 616 1414 laeduntur:
642 1372 870 1415 verborum
894 1381 1034 1416 autem
1055 1374 1282 1417 moralium
1299 1373 1378 1416 etsi
1393 1381 1593 1434 pungunt
1609 1373 1753 1424 mella,

382 1457 470 1485 non
490 1444 663 1486 laedunt.
689 1444 908 1502 Cognosce
929 1452 1074 1487 tamen
1095 1445 1164 1487 cui
1182 1445 1251 1488 illa
1268 1446 1526 1495 credantur;
1542 1443 1757 1502 ‘scriptum

380 1521 444 1555 est
459 1513 573 1556 enim
590 1530 599 1554 :
616 1531 631 1553 α
650 1515 698 1556 In
720 1530 865 1557 aurem
888 1515 1121 1573 insipientis
1142 1515 1248 1558 nihil
1269 1514 1408 1564 dicas3
1438 1529 1493 1557 ne
1510 1515 1680 1572 quando
1697 1514 1757 1556 ir-

381 1599 398 1623 »
411 1583 546 1626 rideat
558 1586 787 1643 prudentes
807 1573 1021 1628 sermones
1041 1594 1134 1628 tuos
1146 1584 1176 1629 ³.
1200 1586 1380 1629 Evomet
1390 1585 1520 1635 enim,
1535 1580 1578 1629 et
1594 1584 1758 1643 rejiciet

379 1669 621 1707 sermonem
638 1663 760 1698 tuum
781 1657 950 1706 stultus,
973 1656 1046 1714 qui
1061 1656 1155 1714 ejus
1177 1672 1263 1699 non
1285 1664 1427 1716 potest
1444 1655 1600 1700 sentire
1622 1655 1758 1712 suavi-

387 1733 532 1769 tatem.
1751 1773 1753 1775 ,

438 1795 600 1840 XXVI.
638 1783 867 1855 Sequitur:
887 1815 903 1837 «
919 1797 955 1841 A
971 1799 1190 1842 mandatis
1218 1799 1300 1842 tuis
1316 1791 1519 1842 ‘intellexi
1544 1813 1566 1856 :¹
1583 1806 1759 1857 propter

387 1866 500 1909 »hoc
529 1867 626 1911 odio
656 1868 787 1911 habui
813 1884 985 1912 omnem
1011 1870 1121 1912 viam
1142 1868 1412 1927 iniquitatis&
1438 1887 1454 1910 ι
1481 1867 1758 1926 Consequens

386 1937 485 1981 huic
508 1940 716 1983 versiculo
732 1949 795 1983 est
815 1956 825 1982 ε
842 1959 857 1980 α
872 1940 1189 2000 Concupiscens
1209 1939 1475 1998 sapientiam,
1497 1954 1618 1983 serva
1640 1954 1759 1982 man-

387 2028 403 2050 »
418 2009 528 2052 data‘
542 2043 551 2053 .
573 2011 688 2055 »Sed
710 2027 836 2055 nemo
857 2021 1000 2071 potest
1022 2029 1187 2057 servaro
1201 2046 1212 2063 ,
1238 2012 1318 2056 nisi
1339 2013 1411 2070 qui
1432 2011 1642 2070 intelligit.
1670 2012 1760 2054 De.-

382 2081 511 2139 nique
532 2082 768 2126 redduntur
787 2083 976 2142 quotidie
998 2085 1140 2127 omnia
1164 2085 1289 2142 verba
1309 2083 1431 2142 Legis
1454 2098 1476 2125 a
1494 2082 1760 2140 quibusdam

388 2152 624 2195 senioribus
660 2154 686 2196 J
691 2155 924 2205 udaeorum,
957 2163 999 2197 ct
1016 2159 1159 2208 ,nemo
1189 2170 1336 2197 eorum
1365 2162 1505 2213 potest
1538 2153 1757 2197 cus'todire

389 2225 650 2267 mandatum.
685 2226 832 2283 Neque
863 2225 978 2268 enim
1012 2226 1208 2268 arborem
1241 2225 1420 2268 dixerim
1441 2224 1658 2268 custodire
1679 2224 1759 2266 sm*

391 2295 654 2346 cunditatem
688 2306 849 2340 naturae
863 2330 873 2347 ,
906 2313 999 2355 quae
1033 2297 1217 2340 luxuriat
1252 2297 1294 2339 in
1325 2296 1460 2346 foliis,
1493 2295 1680 2339 vanescit
1715 2295 1760 2342 in

388 2365 558 2410 fructu:
581 2383 662 2411 nec
684 2378 840 2412 terram
861 2369 975 2412 illam
998 2368 1174 2412 dixerim
1199 2368 1412 2411 custodire
1435 2367 1599 2410 fructus
1620 2358 1728 2409 'suos
1744 2398 1756 2416 ,

390 2453 482 2495 quae
513 2438 670 2482 filicem
699 2441 874 2484 invisam
904 2442 1013 2500 parit
1043 2441 1257 2499 agricOIIS,
1283 2439 1410 2482 edere
1431 2439 1646 2482 frumenta
1667 2452 1757 2480 non
1792 2470 1798 2476 .

389 2509 522 2551 soleat
540 2524 550 2552 :
575 2525 654 2553 nec
672 2520 815 2569 pastor
834 2513 1047 2556 custodire
1068 2512 1234 2555 videtur
1256 2525 1404 2569 pecus,
1423 2509 1496 2567 qui
1517 2509 1673 2567 eligere
1689 2522 1759 2567 pa·

440 2621 448 2635 ¹
470 2612 553 2645 Psal.
570 2624 659 2651 mxiv,
678 2625 726 2648 ιο.
743 2633 783 2640 -—
800 2626 813 2641 ²
834 2617 931 2652 Cant.
956 2627 1005 2659 w,r
1024 2627 1072 2651 ιι,
1091 2634 1132 2646 -ψ
1147 2617 1160 2640 3
1178 2617 1277 2654 Prov.
1290 2625 1385 2652 xxm,
1403 2624 1435 2657 9.
1449 2631 1490 2641 -·
1509 2602 1626 2648 IPsat.
1640 2620 1759 2651 cxvnn

397 2665 468 2711 ¹⁰4·
490 2685 528 2692 -
547 2669 560 2690 ⁵
578 2669 680 2703 Eccli.
699 2682 723 2710 1,
744 2671 798 2704 33.
