1800 3236
367 284 451 342 158
910 297 943 327 s.
982 296 1178 327 munosn

362 389 504 427 autem
519 393 613 438 quae
634 384 697 422 est
720 375 882 426 crucis,
915 376 996 421 nisi
1027 376 1143 434 quod
1171 374 1403 428 ascendens
1431 375 1537 431 illud
1566 376 1732 436 patibu-

362 455 453 499 lum
470 449 676 496 Dominus
697 447 722 490 J
726 463 821 490 esus
846 446 1357 505 Christus,peecatorum
1377 455 1622 498 nostrorum
1638 447 1734 498 ,ehi-

364 518 624 583 rographum
643 517 877 568 crucifixit,
894 525 936 560 et
953 517 1082 560 totius
1093 516 1207 560 orbis
1221 525 1445 576 peccatum
1463 533 1540 562 suo
1556 532 1735 571 crurore

365 590 616 640 mundavit?
634 590 684 633 In
705 604 788 648 quo
816 604 890 647 erg
892 603 916 631 o
933 587 1070 646 justus
1098 588 1236 639 Deus,
1258 587 1337 631 nisi
1356 587 1399 641 ijn
1422 603 1474 632 eo
1495 589 1593 647 quia
1613 589 1735 641 seivit

366 665 482 724 quod
498 665 550 707 de
571 660 673 705 limo
697 667 818 703 terrae
834 659 1060 718 bominem
1084 656 1308 718 figuravit,
1330 675 1422 718 quae
1452 668 1564 714 terra
1586 660 1735 719 utique

367 734 619 793 corruptelae
636 728 816 775 obnoxia
834 738 921 782 est,
947 745 996 773 ac
1018 694 1140 774 vitioD
1146 729 1323 773 lubricae
1348 729 1585 791 passionis?
1598 726 1735 790 Prop-

366 818 481 855 terea
501 820 603 864 ergo
624 803 868 852 Dominus,
887 801 958 860 qui
985 803 1222 846 secundum
1244 801 1429 845 animam
1456 809 1498 845 te
1521 803 1574 844 ad
1594 801 1736 861 imagi„

367 895 467 925 nem
495 886 538 921 et
566 875 885 920 similitudinem
917 875 980 918 sui
1009 875 1135 925 fecit,
1167 874 1251 917 hoc
1276 882 1367 924 est,
1405 865 1702 926 rationabilem
1721 904 1735 926 ‚-

365 950 549 1010 justum,
572 946 808 1006 pudicum,
838 945 904 1004 (in
926 961 976 988 eo
994 943 1109 988 enim
1129 945 1210 988 ad
1200 944 1428 1004 imaginem
1441 945 1522 988 Dei
1539 960 1608 996 es,
1614 945 1659 988 si
1681 945 1737 998 sis

366 1021 504 1091 justus
527 1027 576 1062 ut
597 1018 650 1061 sis
673 1017 812 1075 imago
828 1016 1029 1075 justitiae:
1050 1017 1083 1060 si
1101 1016 1155 1059 sis
1167 1025 1333 1066 castus,
1357 1025 1405 1060 ut
1415 1015 1740 1063 immaculatum

367 1099 410 1134 te
431 1090 564 1148 figura
590 1087 877 1146 praesulgeat,)
907 1087 1043 1130 sciens
1055 1103 1155 1146 ergo
1178 1089 1414 1131 secundum
1439 1087 1629 1146 corporis
1653 1086 1740 1132 fra·-

367 1163 574 1222 gilitatem
593 1161 843 1229 corruptelae
864 1169 1010 1218 patere
1030 1159 1271 1211 hominem,
1300 1159 1419 1219 quasi
1431 1158 1457 1219 ,j
1466 1167 1583 1211 ustus
1594 1158 1740 1219 fragili
1786 1212 1800 1219 ι

366 1233 631 1290 lubricaeque
645 1240 806 1274 naturae
821 1233 972 1275 delicta
989 1227 1212 1275 concessit.

428 1303 586 1350 XXIV.
619 1302 682 1347 Ae
699 1318 752 1345 ne
779 1304 888 1347 lorte
913 1304 1026 1347 dicat
1048 1304 1229 1362 aliquis:
1252 1303 1340 1347 Cur
1360 1317 1461 1363 ergo
1487 1302 1625 1354 Adam
1645 1280 1738 1353 rna-‚-

367 1377 523 1423 ledicto
554 1374 858 1432 sententiaeque
883 1376 978 1433 subj
987 1376 1124 1419 ιουὶιΡ
1153 1376 1369 1434 Numquid
1395 1375 1578 1434 injustus
1594 1374 1738 1422 Deus?

366 1450 461 1502 Non
482 1448 640 1505 utique.
673 1445 758 1489 Sed
782 1446 879 1504 quia
907 1447 1026 1505 quasi
1047 1447 1183 1506 fragili
1202 1456 1327 1506 atque
1348 1446 1521 1495 infirmo
1542 1446 1648 1506 quid
1671 1461 1739 1491 ca-

366 1528 484 1566 veret
501 1527 597 1562 ante
613 1517 885 1576 praescripsit,
910 1517 1127 1574 (infirmus
1144 1505 1259 1562 enim
1275 1531 1362 1564 non
1375 1530 1580 1578 usurpare
1590 1507 1735 1568 debet,
1778 1530 1782 1534 '

363 1592 440 1637 sed
458 1588 632 1633 obedire
653 1587 914 1645 mandatis,)
951 1589 1046 1632 ideo
1070 1589 1429 1647 praevarICationis
1442 1589 1584 1648 magis
1614 1603 1738 1638 reum

363 1662 518 1712 tenuit,
543 1674 670 1718 quam
686 1658 941 1717 prolapsioni
964 1660 1136 1704 addixit.
1162 1661 1213 1704 In
1239 1661 1358 1704 illum
1380 1661 1514 1720 ¹igit-ur
1532 1661 1646 1720 justa
1669 1677 1738 1707 sea*

364 1732 551 1779 veritatis
569 1729 775 1789 processit
790 1731 997 1774 sententia
1010 1748 1023 1782 ς
1048 1731 1146 1790 quia
1175 1731 1284 1775 scire
1307 1732 1466 1782 voluit,
1491 1732 1737 1790 quodscire

365 1820 452 1849 non
469 1800 788 1861 prosuiuNobis
806 1808 949 1844 autem
968 1801 1040 1859 qui
1065 1801 1334 1856 haereditario
1348 1802 1520 1846 vinculo
1540 1811 1738 1854 tenemur

368 1873 527 1926 astricti
542 1905 555 1923 ,
568 1868 653 1929 qui
669 1871 711 1913 in
727 1871 807 1914 hac
830 1886 958 1914 carne
973 1887 1118 1916 sumus
1134 1905 1145 1923 ,
1166 1889 1258 1931 quae
1278 1873 1470 1932 priorum
1486 1867 1735 1940 praeiud'isslo

366 1945 516 2001 ¹detrita
530 1943 617 2001 jam
635 1950 760 1999 atque
777 1941 1008 1987 assuefacta
1017 1944 1202 2002 peccatis
1213 1952 1475 2003 nonpoterat
1488 1957 1732 2002 emergere?

364 2017 483 2076 quasi
503 2015 640 2074 justus
656 2012 855 2064 indulsit,
874 2013 986 2073 juste
1008 2015 1122 2059 enim
1141 2015 1303 2075 ignovit
1321 2016 1503 2069 haeredi,
1531 2015 1732 2075 quiprae,

363 2087 523 2148 judicio
539 2085 762 2129 laborabat
779 2085 977 2129 auctoris.

368 2187 369 2191 =
421 2156 561 2212 XXV.
583 2157 656 2210 Est
677 2171 776 2214 ergo
793 2156 905 2214 justa
925 2157 1232 2209 misericordia,
1257 2159 1332 2202 sed
1347 2167 1417 2202 cst
1428 2157 1555 2211 etiam
1575 2155 1731 2216 injusta

362 2227 663 2276 misericordia.
680 2225 923 2285 Deniquein
933 2228 1044 2286 Lege
1054 2229 1330 2287 scriptumest
1343 2231 1395 2272 de
1408 2229 1593 2288 quodam
1610 2227 1730 2287 (3213

364 2319 391 2344 ··«
411 2301 506 2346 Non
537 2298 801 2341 misereberis
823 2298 974 2343 illius¹.
1004 2317 1021 2340 »ι
1042 2299 1095 2342 Et
1119 2299 1162 2342 in
1188 2299 1305 2343 libris
1334 2300 1579 2360 Regnorum
1606 2299 1729 2358 Legis

358 2374 460 2433 quia
490 2372 590 2417 Sam
614 2379 837 2430 propterea
863 2369 1072 2414 contraxit
1095 2369 1353 2420 oss'ensam23
1382 2370 1480 2429 quia
1505 2369 1730 2421 miseratus

360 2442 425 2488 est
440 2444 557 2502 Agag
577 2442 763 2486 hostium
786 2457 950 2499 regem,
980 2457 1108 2499 quem
1130 2442 1408 2499 prohibuerat
1433 2441 1641 2495 sententia
1662 2436 1729 2485 di·-

354 2516 456 2560 vina
472 2513 641 2558 servari.
669 2513 723 2555 Ut
742 2511 775 2555 si
798 2512 890 2569 quis
912 2511 1085 2555 latronis
1104 2510 1200 2555 filiis
1223 2512 1550 2571 deprecantibus
1566 2498 1724 2562 motuis,

357 2583 630 2644 et‘lacrymis
664 2582 856 2642 conjugis
882 2583 974 2642 ejus
1004 2583 1207 2637 inflexus,
1231 2583 1538 2630 absolvendum
1570 2590 1723 2643 putet,

404 2691 414 2707 ¹
428 2680 529 2714 Deut.
542 2689 610 2718 xix,
627 2678 680 2712 ιδ.
692 2694 732 2703 -
747 2685 762 2702 ⁸
783 2686 796 2710 ι
818 2676 899 2720 Reg.
914 2687 968 2720 xv,
981 2687 1013 2720 9.
