1800 3236
364 291 448 333 300
914 307 947 334 s.
986 305 1178 336 amnnosu

361 402 377 423 »
392 382 497 426 facie
514 382 783 428 inimicorum
804 392 975 428 tuorum
991 385 1337 444 persequentium
1359 396 1422 438 te,
1448 397 1520 432 aut
1541 387 1633 432 fieri
1649 389 1728 432 tri—

362 455 476 496 »duo
505 464 687 499 mortem
719 447 761 498 in
786 464 912 498 terra.
945 474 961 496 n
998 456 1233 515 Respondit
1265 458 1399 502 David
1429 474 1439 501 ε
1475 476 1491 498 α
1513 459 1728 518 Angustiae

365 533 492 567 »sunt
511 525 615 568 mihi
646 526 736 569 haec
768 525 846 570 tria
870 541 880 568 :
908 527 983 570 sed
1003 527 1135 585 magis
1158 527 1342 570 incidam
1377 528 1420 571 in
1450 544 1624 572 manum
1649 529 1731 572 Do-

364 615 380 634 »
395 595 516 645 mini,
544 596 745 653 quoniam
768 611 920 655 magna
935 605 998 640 est
1015 597 1302 640 misericordia
1318 597 1428 641 illius
1441 598 1578 648 valde,
1603 590 1730 656 q'uam

364 686 379 705 ι)
395 665 437 707 in
458 680 608 709 manus
624 666 845 709 h'ominum
859 666 1042 710 incidam
1055 667 1086 710 ¹.
1104 686 1119 707 n
1133 668 1187 710 Et
1208 683 1305 710 cum
1326 661 1509 712 dedisset
1525 668 1732 712 Dominus

365 743 547 779 mortem
569 736 609 778 in
631 737 759 779 Israel
781 753 802 779 a
826 753 949 780 mane
972 739 1168 794 usquead
1185 737 1334 780 horam
1351 738 1532 795 prandii,
1551 724 1734 796 {septua-

368 807 480 865 ginta
503 806 690 850 millibus
708 807 928 850 hominum
950 807 1127 849 mortuis
1143 839 1154 856 ,
1176 807 1501 866 respexitDavid
1519 797 1572 850 ad
1593 807 1735 850 Domi-

367 894 488 929 num,
510 888 553 922 et
578 894 676 922 cum
696 880 867 923 vidisset
883 880 1092 937 Angelum
1116 878 1335 922 ferientem
1357 881 1579 939 populum,
1604 879 1731 923 dixit:

379 966 394 987 (ι
409 949 520 991 Ecce
544 964 620 1006 ego
638 950 810 1008 peccavi
828 982 839 1000 ‚
868 958 911 992 et
929 965 1006 1008 ego
1026 957 1169 1008 pastor
1189 949 1382 992 malefeci
1402 965 1412 992 z
1441 958 1484 993 et
1509 936 1574 993 isti
1593 949 1635 992 in
1653 949 1735 992 hoc

365 1038 381 1059 »
396 1034 520 1077 grege
531 1019 630 1077 quid
642 1019 1124 1063 feceruntPFiatmanus
1137 1028 1206 1062 tua
1218 1020 1259 1062 in
1271 1035 1356 1070 me,
1371 1021 1467 1063 etin
1482 1022 1654 1063 domum
1667 1035 1737 1078 pa-

368 1109 383 1130 »
401 1091 471 1134 tris
488 1090 611 1149 mcii.
643 1092 722 1134 »Et
737 1091 946 1150 propitius
969 1091 1104 1134 sactus
1125 1100 1189 1134 est
1206 1092 1435 1141 Dominus,
1457 1106 1556 1135 cum
1573 1088 1735 1134 sacrifi-

367 1161 480 1204 cium
507 1156 863 1204 reconciliationis
890 1162 1076 1204 Domino
1109 1171 1220 1205 esset
1255 1163 1461 1206 oblatum.
1493 1163 1612 1206 Bon'a
1636 1177 1736 1220 ergo

365 1233 596 1282 humilitas,
626 1249 718 1290 quae
739 1249 882 1291 regem
905 1233 1160 1291 plebemque
1183 1234 1374 1277 servavit.
1401 1235 1567 1292 Itaque,
1589 1249 1737 1290 recon-

369 1303 510 1346 ciliato
532 1303 715 1346 Domino
730 1336 742 1352 ‚
776 1304 832 1345 ait
853 1303 989 1346 David
1014 1318 1024 1345 ε
1062 1320 1078 1342 «
1098 1304 1266 1347 Bonum
1289 1304 1392 1354 mihi
1408 1313 1496 1353 est,
1522 1305 1638 1362 quod
1660 1304 1735 1347 hu·

368 1391 385 1414 »
400 1373 585 1417 miliatus
607 1376 717 1416 Sum.
749 1391 766 1414 n

429 1444 592 1487 XXIII.
629 1445 747 1487 Bona
765 1459 865 1501 ergo
887 1444 1128 1494 humilitas,
1157 1445 1392 1503 praesertim
1420 1445 1453 1488 si
1483 1443 1738 1504 adjungatur

370 1513 407 1555 ei
443 1513 610 1556 devotio
654 1514 910 1557 voluntaria.
954 1515 1139 1572 Ideoque
1174 1530 1218 1557 se
1253 1514 1457 1559 vivificari
1498 1517 1737 1558 secundum

371 1584 549 1626 verbum
569 1583 699 1642 petit3
721 1591 768 1626 ut
789 1586 1027 1627 secundum
1049 1586 1227 1628 verbum
1251 1586 1387 1635 vivat,
1405 1595 1449 1629 et
1469 1585 1611 1629 omnia
1637 1600 1737 1628 cum

373 1653 536 1696 ratione
573 1653 728 1703 faciat,
752 1669 838 1696 non
878 1656 1114 1698 secundum
1146 1656 1284 1698 carnis
1311 1652 1590 1714 voluntatem*⁸
1619 1656 1739 1699 Unde
1773 1644 1784 1653 ’

377 1725 612 1782 mysticum
646 1725 754 1768 illud
777 1726 905 1768 etiam
937 1727 1155 1770 moraliter
1185 1727 1317 1786 accipi
1339 1735 1479 1786 potest
1503 1726 1593 1785 (45)
1619 1741 1630 1770 :
1659 1745 1675 1766 α
1691 1726 1739 1770 In

371 1795 610 1854 »principio
629 1804 720 1838 erat
743 1795 930 1839 Verbum
945 1829 956 1846 ,
985 1805 1027 1839 et
1048 1796 1239 1841 Verbum
1260 1806 1351 1840 erat
1370 1799 1483 1857 apud
1505 1798 1668 1847 Deum,
1697 1805 1740 1840 et

371 1867 514 1909 »Deus
540 1875 630 1909 erat
656 1866 874 1910 Verbum:
901 1868 992 1922 hoc,
1013 1878 1103 1911 erat
1130 1869 1173 1911 in
1194 1869 1404 1928 principio
1434 1869 1549 1928 apud
1577 1869 1733 1912 Deum.

373 1939 558 1981 »Omnia
595 1955 671 1997 per
705 1939 845 1997 ipsum
880 1939 989 1982 facta
1013 1949 1134 1989 sunt,
1172 1949 1214 1982 et
1246 1940 1337 1982 sine
1373 1940 1463 1999 ipso
1479 1940 1639 1983 sactum
1676 1936 1757 1983 est'

375 2007 549 2051 »mihist
577 2027 592 2048 »
621 2009 674 2051 Et
703 2018 751 2052 tu
780 2010 969 2052 imitator
1000 2018 1089 2052 esto
1121 2006 1211 2053 Dei.
1247 2012 1477 2064 Quomodo
1510 2009 1740 2053 imitator?
1773 2026 1777 2031 ·

374 2079 590 2137 Numquid
608 2081 763 2121 coelum
776 2089 895 2138 potes
912 2080 1068 2132 facere,
1095 2089 1166 2123 aut
1191 2083 1366 2131 terram,
1387 2089 1460 2123 aut
1476 2080 1622 2123 mare?
1643 2080 1738 2124 Non

374 2150 521 2207 ulique
542 2166 550 2192 :
577 2152 651 2210 sed
668 2159 714 2194 ut
738 2151 878 2193 omnia
896 2167 972 2210 per
991 2152 1166 2194 verbum
1184 2151 1327 2202 facias,
1346 2152 1451 2195 nihil
1471 2152 1560 2195 sine
1579 2153 1708 2195 verbo
1727 2168 1737 2194 :

375 2221 516 2263 omnia
548 2237 647 2264 cum
671 2222 859 2271 ratione,
885 2221 990 2264 nihil
1011 2222 1100 2264 sine
1126 2222 1320 2272 ratione3
1345 2222 1441 2280 quia
1468 2237 1552 2266 non
1575 2238 1619 2265 es
1642 2221 1741 2266 irra-

374 2292 603 2342 tionabilis,
624 2308 648 2336 o
669 2293 814 2342 homo,
840 2294 914 2336 sed
929 2292 1202 2336 rationabilis.

437 2363 597 2407 XXIV.
631 2365 834 2422 Sequitur
854 2380 997 2408 versus
1020 2373 1194 2422 quartus
1223 2379 1265 2406 t«
1285 2363 1531 2408 Voluntaria
1555 2363 1639 2406 oris
1655 2364 1740 2406 mei

373 2451 389 2473 »
406 2437 653 2493 comproba,
673 2435 871 2485 Domine,
887 2444 930 2478 et
945 2434 1105 2492 judicia
1123 2443 1194 2477 tua
1213 2434 1320 2477 doce
1337 2449 1404 2476 me
1417 2434 1447 2477 ⁴.
1463 2452 1479 2474 ι)
1494 2434 1580 2488 Qui
1598 2449 1642 2476 se
1658 2434 1740 2476 hu-

344 2557 347 2558 ⁷
375 2504 526 2555 miliat,
551 2505 789 2549 vivificatur
811 2507 1046 2550 secundum
1074 2506 1331 2564 promissum
1354 2505 1528 2548 Domini
1553 2520 1563 2547 t
1587 2505 1661 2562 qui
1682 2504 1741 2547 vi-

420 2615 429 2632 ¹
455 2621 472 2640 2
497 2610 575 2651 Reg.
596 2621 684 2651 xxlv,
707 2612 754 2649 ιδ,
773 2611 825 2651 ι4.
845 2630 885 2636 -
911 2620 923 2635 ²
951 2610 1036 2646 Ibld.
1066 2622 1115 2655 17.
1136 2630 1177 2636 —-—
1204 2613 1218 2636 ³
1244 2612 1340 2645 Joan.
1372 2624 1395 2650 1,
1428 2611 1491 2644 1-5.
1511 2629 1553 2637 -·
1582 2610 1594 2636 ⁴
1622 2622 1635 2647 ι
1659 2610 1739 2649 l’sal.

382 2674 494 2702 cum,
518 2666 589 2700 108.
1565 2671 1567 2673 ’
