1800 3236
336 314 420 371 296
714 335 717 338 ⁴
887 326 918 353 s.
960 323 1151 353 Annnosu

334 420 415 450 nus
438 404 728 448 vernaculum.
762 400 848 445 Sed
871 402 976 445 dura
999 402 1128 461 patris
1154 416 1241 461 non
1262 402 1525 446 aestimantur
1546 401 1699 461 imper-

334 467 414 519 tita
439 466 630 533 flagella3
657 473 752 531 quia
768 473 858 514 vult
880 471 1015 514 filium
1037 473 1258 515 mehorem
1274 487 1380 524 esse,
1405 487 1532 530 quam
1555 473 1710 516 servu-'

337 539 441 588 lum.
464 543 657 587 Eruditio
675 557 774 600 ergo
791 543 916 600 plena
934 540 1105 599 justitiae
1125 549 1190 584 est
1209 541 1320 597 (42).
1710 543 1711 546 ’

394 614 508 658 XVI.
547 613 733 656 Orbatus
776 604 847 654 est*
870 619 1042 654 sanctus
1078 611 1160 653 Job
1195 610 1339 653 liberis
1375 610 1477 658 suis,
1520 610 1563 652 in
1599 625 1704 668 quos

337 685 545 729 Dominus
595 676 846 742 potestatem
894 681 1065 725 diabolo
1103 681 1233 726 dedit.
1275 680 1492 739 Numquid
1537 681 1706 739 iniquus

340 750 484 797 Deus?
508 753 626 796 Asit:
654 753 740 795 imo
767 747 932 810 justus}
962 752 1065 809 quia
1097 751 1353 809 probaturus
1370 751 1529 808 justum
1553 766 1676 794 suum
1694 784 1707 801 ,

340 826 420 884 per
455 823 701 881 hujusmodi
731 822 932 890 exercitia
962 822 1005 864 in
1048 821 1202 879 quihus
1241 821 1333 880 ejus
1354 830 1418 865 est
1437 822 1614 880 probata
1642 837 1714 885 pa-=

345 895 520 944 tientia,
544 894 676 952 magis
698 894 869 952 dignum
894 893 966 950 qui
988 893 1268 958 probaretur,
1295 892 1448 955 effecit.
1482 893 1578 946 Quo
1599 892 1713 936 enim

345 967 500 1009 clarius
522 960 723 1008 meritum
742 964 959 1014 coronati,
981 964 1064 1006 hoc
1081 965 1258 1008 uberior
1273 964 1434 1028 justitia
1451 954 1704 1009 coronantis.

350 1029 543 1081 Nudatus
589 1029 666 1078 est¹
697 1035 969 1077 facultatibus
1001 1026 1101 1077 cum
1137 1035 1253 1078 dives
1284 1036 1426 1086 essetff
1448 1035 1602 1078 et‘haec
1621 1036 1712 1078 Deo

346 1108 476 1150 subiit
511 1107 784 1173 permittente
829 1105 1062 1164 dispendia.
1093 1095 1200 1149 <Non
1240 1113 1362 1148 erant
1399 1094 1590 1164 pecunias
1625 1104 1712 1162 jam

349 1182 526 1228 damna,
556 1180 630 1220 scd
651 1178 771 1226 vitae3
791 1193 890 1219 cum
915 1178 1078 1219 deesset
1098 1177 1323 1228 alimonia,
1348 1177 1556 1238 ademptis
1581 1175 1716 1219 homi-

346 1251 485 1293 nibus.
522 1249 628 1301 Quis
651 1247 822 1291 accuset
842 1248 1047 1305 justitiam
1073 1248 1174 1297 Dei,
1204 1244 1302 1291 cum
1321 1248 1422 1298 Job,
1449 1248 1482 1291 si
1512 1263 1598 1291 non
1620 1263 1717 1291 om-

350 1336 451 1362 nem
475 1309 681 1382 amisisset
701 1318 947 1377 pecuniam,
971 1333 1057 1379 non
1080 1326 1240 1360 tantam
1259 1318 1485 1379 invenisset
1499 1318 1678 1376 gratiam
1697 1317 1715 1360 i>

349 1390 565 1433 Athletam
583 1403 706 1431 suum
725 1389 888 1430 nudum
911 1403 1070 1446 ungere
1090 1388 1224 1430 voluit
1249 1389 1361 1431 Deus
1387 1375 1481 1431 oleo
1503 1387 1717 1447 poeniten-

351 1460 418 1502 tiae
432 1476 444 1509 3
471 1467 516 1502 ut
540 1467 581 1501 et
600 1459 822 1501 subeundo
842 1457 1002 1500 faceret
1026 1458 1247 1501 certamini
1268 1445 1513 1519 fortiorem,
1543 1467 1588 1502 et
1606 1473 1718 1500 eme-

349 1532 484 1572 rendo
509 1530 682 1587 praemio
699 1518 948 1609 digniorem.
973 1529 1173 1572 Perfusus
1199 1518 1336 1572 totum
1362 1545 1516 1588 corpus
1543 1531 1719 1577 vulnere

349 1601 479 1659 gravi,
506 1601 718 1643 sedebat
707 1616 750 1642 1n
782 1608 984 1664 stercore,
1014 1602 1165 1643 radens
1192 1601 1353 1644 saniem
1382 1601 1501 1645 saevis
1521 1601 1718 1643 ulcerum

350 1671 558 1712 vibicibus
587 1661 878 1713 defluentem:
908 1679 950 1714 et
980 1671 1062 1712 hoc
1091 1671 1300 1729 permissu
1325 1657 1498 1714 Domini
1527 1669 1719 1713 diabolus

352 1733 555 1784 intulerat
576 1741 691 1800 justo
718 1741 821 1785 viro.
858 1740 1084 1785 Videretur
1110 1741 1258 1784 vicisse
1270 1742 1361 1804 sibi
1396 1741 1614 1803 diabolus,
1640 1741 1718 1785 nisi

351 1821 538 1870 accepta,
558 1828 685 1870 quam
704 1820 982 1876 poposcerat,
1006 1803 1216 1870 potestate
1236 1801 1347 1856 esset
1367 1813 1496 1855 etiam
1527 1813 1618 1871 ipse
1648 1827 1722 1855 su-

351 1892 536 1942 peratus.
567 1884 682 1936 Quid
709 1883 838 1942 igitur
857 1883 937 1925 suit
952 1883 1021 1925 illa
1039 1883 1233 1933 tentatio,
1260 1883 1396 1940 quid
1385 1883 1523 1942 inopia
1540 1882 1720 1926 faculta-

351 1962 462 2004 tum,
493 1954 711 2016 destitutio
732 1953 935 2003 filiorum,
955 1954 1191 1996 tolerantia
1188 1944 1435 2003 vulnerum,
1460 1953 1541 1996 nisi
1557 1953 1722 1996 exerci-

349 2025 456 2066 tium
486 2023 609 2074 fidei,
639 2024 802 2082 insigne
832 2024 1076 2081 patientiae,
1109 2024 1294 2067 eruditio
1325 2025 1509 2083 gloriosa
1528 2023 1720 2073 virtutis,

350 2095 560 2137 consessio
582 2095 706 2153 plena
728 2095 941 2144 victoriae;
969 2103 1016 2137 ut
1038 2096 1108 2152 qui
1138 2104 1234 2138 ante
1257 2057 1624 2139 contradicentem
1644 2095 1723 2137 ha-

347 2164 479 2208 bebat
513 2166 732 2209 diabolum
751 2199 762 2216 ,
790 2158 948 2225 *postea
971 2181 1057 2208 non
1089 2157 1298 2210 haberet?
1329 2167 1464 2210 Nemo
1493 2182 1594 2225 ergo
1617 2167 1722 2220 dura

352 2245 475 2294 putet
504 2253 594 2279 esse
621 2252 713 2294 quae
733 2237 843 2295 justa
866 2245 975 2280 sunt.
1011 2236 1104 2280 Non
1136 2237 1393 2280 videbantur
1421 2239 1528 2280 dura
1556 2236 1594 2279 ei
1612 2270 1623 2286 ,
1628 2236 1724 2300 qui

348 2315 518 2364 poterat
541 2307 683 2350 dicere
710 2322 719 2349 t
751 2307 931 2350 «Nudus
951 2314 1075 2350 natus
1098 2322 1230 2357 sum,
1240 2309 1380 2350 nudus
1401 2306 1559 2350 exibo:
1583 2306 1724 2348 Domi-

348 2395 365 2416 »
379 2392 459 2419 nus
478 2377 614 2427 dedit,
642 2377 849 2420 Dominus
867 2378 1089 2420 abstulit...
1112 2377 1164 2420 sit
1181 2376 1516 2442 nomenDomini
1529 2376 1726 2418 benedic-

344 2445 493 2488 »tum
543 2464 559 2486 1>
591 2447 813 2490 Benedicit
838 2448 952 2490 enim
982 2448 1212 2490 Dominum
1247 2448 1384 2505 justus
1416 2462 1514 2490 cum
1541 2447 1721 2496 laborat,

345 2524 547 2572 peccator
578 2531 677 2559 cum
714 2518 910 2560 luxuriat.
951 2517 1045 2562 Non
1078 2533 1178 2576 ergo
1221 2533 1273 2562 ex
1304 2516 1550 2561 infirmitate
1578 2524 1722 2562 nostra

342 2584 403 2626 vis
435 2586 681 2630 aestimanda
703 2587 875 2647 justitiae
891 2596 969 2634 est.

382 2683 394 2703 ⁸
414 2676 488 2710 Job.
512 2689 534 2717 1,
551 2689 602 2713 21.
