1800 3236
321 333 343 362 2
352 333 372 361 2
869 337 900 364 S.
939 336 1128 366 AMBROSH

326 422 478 472 pectus
510 413 612 457 Jesu
634 413 804 457 Domini
826 413 1070 457 reclinaret¹
1090 447 1101 464 ‚
1129 412 1352 459 hauriebat
1373 415 1582 475 profunda
1609 431 1678 464 se—

318 494 435 528 creta
453 485 677 543 sapientiae.
799 488 803 493 '
1550 498 1553 501 '

377 555 465 599 VII.
504 556 566 598 En
587 555 696 597 tibi
684 569 879 611 juvenem
906 555 978 612 qui
1003 555 1113 599 viam
1131 571 1249 599 suam
1272 557 1315 600 in
1338 557 1559 616 juventute
1580 573 1679 602 cor-

314 625 435 668 rexit.
456 626 644 668 Piscator
660 634 751 668 erat
772 640 871 668 cum
889 625 1016 668 fratre
1033 641 1124 676 suo,
1144 627 1247 670 vidit
1262 628 1492 672 Dominum
1509 628 1682 680 Jesum,

317 713 417 741 cum
447 698 622 756 plicaret
644 696 747 739 retia
770 712 842 739 sua
866 729 877 746 ,
903 706 946 740 et
967 699 1125 741 audivit
1151 699 1364 742 dicentem
1386 715 1397 742 τ
1426 718 1444 740 a
1468 696 1680 744 Veni-te...'

313 787 332 809 »
345 769 494 812 faciam
511 785 583 812 vos
604 770 834 827 piscatores
850 769 1127 823 hominum...
1149 780 1191 814 et
1208 771 1370 815 relictis
1386 772 1546 821 retibus
1560 771 1648 815 'suis
1665 805 1676 821 .

316 848 387 882 »et
409 848 526 898 patre
541 873 551 889 ‚
584 849 752 883 secutus
770 848 835 883 est
855 840 996 883 eum&
1023 859 1039 881 ι»
1073 841 1192 885 Viam
1209 842 1351 884 saeculi
1373 850 1560 902 coeperat
1578 855 1681 885 cura·

312 924 408 954 rere
427 926 436 953 :
456 912 528 954 sed
544 911 695 953 auditis
711 910 865 953 Christi
888 911 1074 968 imperiis
1090 945 1101 961 ,
1126 913 1313 958 deseruit
1335 913 1463 956 vitam
1490 913 1641 958 mnndi
1664 945 1677 963 ‚

314 991 482 1026 secutus
503 991 567 1025 est
591 981 807 1024 Christum
827 997 837 1025 ε
859 983 1054 1040 probavit
1071 984 1169 1040 quia
1191 984 1234 1025 in
1251 999 1302 1026 eo
1328 1002 1344 1023 α
1362 983 1546 1043 Corrigit
1564 985 1681 1042 juve-

313 1055 437 1097 »nior
461 1054 570 1098 viam
593 1069 737 1103 suam,
760 1073 776 1094 »
803 1054 836 1096 si
856 1054 1012 1097 Christi
1034 1055 1162 1097 verba
1182 1055 1417 1106 custodiat,
1448 1047 1596 1099 dicens
1625 1057 1680 1099 ad

313 1140 412 1167 eum
432 1140 442 1167 :
473 1139 495 1165 ·«
510 1125 740 1182 Diligamus
762 1125 895 1167 ubera
922 1132 994 1166 tua
1029 1138 1156 1182 super
1179 1124 1369 1168 vinum⁸.
1394 1144 1410 1165 n
1438 1126 1509 1169 Sic
1533 1122 1688 1169 tamen'

314 1195 483 1245 bibens,
507 1202 653 1238 utnon
676 1195 974 1238 absorberetur
988 1194 1086 1237 vino
1101 1210 1111 1236 z
1126 1196 1201 1237 sed
1221 1195 1354 1253 gratia
1370 1195 1464 1253 ejus
1485 1195 1680 1239 laetitiam

318 1265 459 1309 cordis
481 1266 687 1316 hauriret,
710 1281 795 1308 non
811 1265 1004 1324 corporis
1023 1265 1229 1311 ebrietate
1248 1266 1462 1310 titubaret.
1489 1267 1682 1325 Denique

316 1336 468 1379 bibens
490 1336 573 1379 hoc
589 1336 752 1385 vinum,
777 1335 942 1395 aperuit
963 1337 1109 1378 oculos
1130 1351 1249 1386 suos,
1275 1345 1319 1379 et
1335 1336 1563 1380 viditviam
1583 1352 1682 1381 rec-

314 1416 419 1458 tam,
435 1407 606 1465 reliquit
626 1415 833 1450 tortuosas
854 1408 939 1450 vias
960 1406 1106 1449 dicens
1122 1422 1132 1449 t
1149 1407 1368 1464 «AEquitas
1386 1407 1531 1450 dilexit
1547 1407 1612 1451 te*
1631 1424 1670 1458 ς»

312 1477 398 1522 hoc
421 1486 507 1527 est,
530 1493 614 1520 non
645 1477 835 1520 flexuosa
852 1477 1002 1520 itinera
1025 1483 1067 1520 te
1088 1485 1357 1535 sequuntur,
1391 1480 1467 1522 sed
1493 1480 1605 1522 solus
1628 1479 1683 1522 ad

288 1575 293 1579 -
315 1557 360 1591 tc
379 1556 518 1607 potest
538 1547 709 1606 justitiae
730 1557 887 1590 trames
907 1549 1142 1606 pervenire.
1170 1548 1256 1601 Qui
1278 1549 1392 1592 enim
1411 1550 1687 1612 diligitjusti-

315 1619 446 1667 tiam,
470 1633 556 1661 non
578 1634 622 1661 se
643 1619 793 1661 avertit
818 1634 842 1661 a
866 1619 1048 1662 Christo.
1076 1607 1307 1671 Quomodo
1335 1621 1449 1664 enim
1474 1621 1682 1664 arbitrum

314 1688 511 1746 justitiae,
531 1696 981 1744 remuneratoremque
1007 1689 1258 1732 meritorum
1287 1690 1494 1734 innocens
1520 1697 1686 1734 metuat

316 1757 575 1802 conscientia
587 1757 606 1799 i)

376 1829 485 1873 VIII.
508 1828 556 1870 In
574 1829 656 1871 hoc
676 1843 777 1886 ergo
793 1828 947 1885 juvene
968 1829 1076 1871 viam
1095 1845 1213 1872 suam
1232 1831 1474 1891 corrigente
1494 1840 1685 1893 spectato

322 1913 475 1957 magna
496 1898 699 1956 mysteria
713 1932 723 1948 ‚
745 1913 838 1956 quae
863 1899 905 1941 in
930 1899 1116 1942 Canticis
1136 1901 1402 1944 canticorum
1420 1911 1590 1946 sanctus
1607 1903 1687 1947 Sa-

325 1971 471 2014 lomon
501 1970 688 2027 repletus
715 1968 887 2011 Domini
914 1969 1073 2027 Spiritu
1103 1972 1333 2014 resultavit.
1361 1972 1580 2015 Constitue
1605 1973 1689 2017 Do-

322 2040 487 2082 minum
506 2038 652 2082 Jesum
678 2032 1000 2082 recumbentem
1028 2040 1069 2082 in
1099 2042 1292 2084 convivio
1309 2075 1319 2091 ‚
1344 2042 1622 2086 reclinantem
1641 2058 1686 2086 se

322 2111 533 2154 Joannem
555 2125 681 2168 supra
707 2118 855 2167 pectus
872 2110 988 2167 ejus⁵
1006 2143 1020 2159 ,
1050 2112 1253 2155 mirantes
1273 2112 1374 2155 alios
1396 2115 1515 2171 qnod
1541 2129 1685 2157 servus

324 2197 369 2224 se
385 2196 511 2239 supra
531 2181 761 2224 Dominum
779 2181 1020 2231 reclinaret,
1039 2184 1154 2238 quod
1170 2198 1267 2225 caro
1286 2184 1355 2226 illa
1378 2184 1592 2242 peccatrix
1612 2199 1686 2227 su-

324 2267 400 2310 pra
428 2252 636 2309 templum
662 2250 790 2293 Verbi
821 2251 1116 2302 recumberet,
1144 2254 1258 2309 quod
1286 2254 1422 2295 anima
1451 2255 1518 2316 illa
1547 2254 1686 2297 carnis

323 2322 501 2364 vinculis
531 2321 708 2371 innexa,
746 2323 883 2364 aulam
920 2321 1069 2364 divinae
1099 2323 1374 2380 plenitudinis
1405 2331 1681 2367 scrutaretur.

324 2393 424 2436 Haec
458 2408 560 2451 ergo
594 2394 845 2435 mirantibus
890 2393 978 2435 aliis
993 2426 1003 2442 ‚
1049 2394 1267 2452 respondit
1303 2394 1438 2437 anima
1470 2394 1646 2438 Joannis
1671 2412 1683 2437 ε

334 2480 350 2502 α
371 2464 508 2506 Fusca
530 2473 639 2512 sum,
664 2471 706 2505 et
723 2465 893 2514 decora,
918 2463 1014 2506 filiae
1030 2463 1266 2507 Jerusalem
1279 2464 1292 2486 ⁶
1307 2482 1320 2515 3
1340 2483 1356 2505 1>
1370 2465 1486 2507 fusca
1502 2480 1581 2524 per
1599 2467 1685 2509 cul-

324 2546 445 2590 pam,
471 2533 625 2575 decora
643 2548 719 2591 per
740 2533 931 2592 gratiam.
958 2534 1071 2577 Dicit
1088 2542 1130 2577 et
1151 2549 1250 2578 caro
1275 2550 1284 2577 t
1308 2524 1323 2575 ἁ
1345 2535 1483 2578 Fusca
1503 2551 1595 2578 sum
1609 2569 1620 2586 ,
1642 2544 1686 2580 et
1744 2529 1749 2531 4

367 2645 376 2659 ¹
398 2636 495 2668 Joan.
517 2646 591 2673 xm,
609 2637 661 2668 25.
679 2654 720 2660 -
737 2647 748 2660 ²
767 2638 885 2670 Matth.
906 2647 949 2679 iv,
976 2648 1088 2682 19,2o.
1103 2656 1140 2663 —-
1160 2640 1174 2662 ³
1191 2638 1284 2672 Cant.
1306 2649 1331 2680 1,
1349 2650 1379 2673 1.
1404 2657 1445 2665 -
1464 2638 1578 2672 ⁴1bid.
1592 2639 1625 2673 3.
1642 2656 1684 2665 -

322 2690 339 2717 ὅ
356 2688 453 2724 Joan.
470 2699 544 2729 nn,
561 2690 611 2723 25.
626 2707 667 2716 -·-
684 2691 697 2713 ὓ
711 2691 805 2726 Cant.
820 2702 845 2732 ι,
863 2693 897 2730 4.
