<?xml version="1.0" encoding="UTF-8"?>
<!DOCTYPE html PUBLIC "-//W3C//DTD XHTML 1.0 Transitional//EN"
    "http://www.w3.org/TR/xhtml1/DTD/xhtml1-transitional.dtd">
<html xmlns="http://www.w3.org/1999/xhtml" xml:lang="en" lang="en">
 <head>
  <title>
</title>
<meta http-equiv="Content-Type" content="text/html;charset=utf-8" />
  <meta name='ocr-system' content='tesseract 3.04.00' />
  <meta name='ocr-capabilities' content='ocr_page ocr_carea ocr_par ocr_line ocrx_word'/>
</head>
<body>
  <div class='ocr_page' id='page_1' title='image "./omniaequaeextant04ambruoft_0060.png"; bbox 0 0 1800 3236; ppageno 0'>
   <div class='ocr_carea' id='block_1_1' title="bbox 395 313 1211 366">
    <p class='ocr_par' dir='ltr' id='par_1_1' title="bbox 395 313 1211 366">
     <span class='ocr_line' id='line_1_1' title="bbox 395 313 1211 366; baseline -0.013 -7"><span class='ocrx_word' id='word_1_1' title='bbox 395 313 454 362; x_wconf 77' lang='lat'>50</span> <span class='ocrx_word' id='word_1_2' title='bbox 739 358 746 366; x_wconf 18' lang='lat' dir='ltr'>A</span> <span class='ocrx_word' id='word_1_3' title='bbox 945 320 982 351; x_wconf 81' lang='lat' dir='ltr'>s.</span> <span class='ocrx_word' id='word_1_4' title='bbox 1018 318 1211 355; x_wconf 69' lang='lat' dir='ltr'>AunRosn</span> 
     </span>
    </p>
   </div>
   <div class='ocr_carea' id='block_1_2' title="bbox 349 397 1796 2675">
    <p class='ocr_par' dir='ltr' id='par_1_2' title="bbox 394 397 1756 462">
     <span class='ocr_line' id='line_1_2' title="bbox 394 397 1756 462; baseline -0.009 -9"><span class='ocrx_word' id='word_1_5' title='bbox 394 408 466 455; x_wconf 77' lang='lat' dir='ltr'>alii</span> <span class='ocrx_word' id='word_1_6' title='bbox 487 406 594 452; x_wconf 84' lang='lat' dir='ltr'>fides</span> <span class='ocrx_word' id='word_1_7' title='bbox 619 404 663 450; x_wconf 91' lang='lat' dir='ltr'>in</span> <span class='ocrx_word' id='word_1_8' title='bbox 685 401 836 448; x_wconf 88' lang='lat' dir='ltr'>eodem</span> <span class='ocrx_word' id='word_1_9' title='bbox 859 399 1046 462; x_wconf 84' lang='lat' dir='ltr'>Spiritu,</span> <span class='ocrx_word' id='word_1_10' title='bbox 1070 400 1143 450; x_wconf 80' lang='lat' dir='ltr'>alii</span> <span class='ocrx_word' id='word_1_11' title='bbox 1168 398 1300 460; x_wconf 82' lang='lat' dir='ltr'>gratia</span> <span class='ocrx_word' id='word_1_12' title='bbox 1318 397 1590 447; x_wconf 77' lang='lat' dir='ltr'><strong>curationum</strong></span> <span class='ocrx_word' id='word_1_13' title='bbox 1606 398 1650 446; x_wconf 84' lang='lat' dir='ltr'>in</span> <span class='ocrx_word' id='word_1_14' title='bbox 1668 413 1756 446; x_wconf 83' lang='lat' dir='ltr'>uno</span> 
     </span>
    </p>

    <p class='ocr_par' dir='ltr' id='par_1_3' title="bbox 392 470 1753 540">
     <span class='ocr_line' id='line_1_3' title="bbox 392 470 1753 540; baseline -0.007 -14"><span class='ocrx_word' id='word_1_15' title='bbox 392 480 577 540; x_wconf 77' lang='lat' dir='ltr'><strong>Spiritu,</strong></span> <span class='ocrx_word' id='word_1_16' title='bbox 604 474 674 522; x_wconf 82' lang='lat' dir='ltr'>alii</span> <span class='ocrx_word' id='word_1_17' title='bbox 695 473 1141 536; x_wconf 78' lang='lat' dir='ltr'>operatio&#39;virtutum,</span> <span class='ocrx_word' id='word_1_18' title='bbox 1173 471 1243 515; x_wconf 81' lang='lat' dir='ltr'>alii</span> <span class='ocrx_word' id='word_1_19' title='bbox 1275 470 1448 530; x_wconf 80' lang='lat' dir='ltr'>spiritus</span> <span class='ocrx_word' id='word_1_20' title='bbox 1476 470 1753 531; x_wconf 77' lang='lat' dir='ltr'><strong>cognitionis,</strong></span> 
     </span>
    </p>

    <p class='ocr_par' dir='ltr' id='par_1_4' title="bbox 390 542 1758 681">
     <span class='ocr_line' id='line_1_4' title="bbox 390 542 1758 610; baseline -0.007 -14"><span class='ocrx_word' id='word_1_21' title='bbox 390 551 460 596; x_wconf 79' lang='lat' dir='ltr'>alii</span> <span class='ocrx_word' id='word_1_22' title='bbox 481 549 650 610; x_wconf 85' lang='lat' dir='ltr'>spiritus</span> <span class='ocrx_word' id='word_1_23' title='bbox 677 546 838 591; x_wconf 89' lang='lat' dir='ltr'>consilii</span> <span class='ocrx_word' id='word_1_24' title='bbox 861 545 1084 605; x_wconf 83' lang='lat' dir='ltr'>plenioris,</span> <span class='ocrx_word' id='word_1_25' title='bbox 1104 543 1170 587; x_wconf 83' lang='lat' dir='ltr'>alii</span> <span class='ocrx_word' id='word_1_26' title='bbox 1201 543 1371 603; x_wconf 83' lang='lat' dir='ltr'>spiritus</span> <span class='ocrx_word' id='word_1_27' title='bbox 1386 542 1671 594; x_wconf 80' lang='lat' dir='ltr'>fortitudinis,-</span> <span class='ocrx_word' id='word_1_28' title='bbox 1689 543 1758 588; x_wconf 83' lang='lat' dir='ltr'>alii</span> 
     </span>
     <span class='ocr_line' id='line_1_5' title="bbox 391 612 1756 681; baseline -0.006 -16"><span class='ocrx_word' id='word_1_29' title='bbox 391 621 559 681; x_wconf 82' lang='lat' dir='ltr'>pietatis</span> <span class='ocrx_word' id='word_1_30' title='bbox 582 619 751 678; x_wconf 82' lang='lat' dir='ltr'>spiritus</span> <span class='ocrx_word' id='word_1_31' title='bbox 771 634 783 668; x_wconf 87' lang='lat'>;</span> <span class='ocrx_word' id='word_1_32' title='bbox 803 625 946 661; x_wconf 79' lang='lat' dir='ltr'>tamen</span> <span class='ocrx_word' id='word_1_33' title='bbox 969 616 1012 660; x_wconf 90' lang='lat' dir='ltr'>in</span> <span class='ocrx_word' id='word_1_34' title='bbox 1028 615 1225 659; x_wconf 87' lang='lat' dir='ltr'>omnibus</span> <span class='ocrx_word' id='word_1_35' title='bbox 1247 631 1356 659; x_wconf 90' lang='lat' dir='ltr'>unus</span> <span class='ocrx_word' id='word_1_36' title='bbox 1374 623 1501 673; x_wconf 83' lang='lat' dir='ltr'>atque</span> <span class='ocrx_word' id='word_1_37' title='bbox 1516 612 1756 673; x_wconf 81' lang='lat' dir='ltr'>idemSpi-</span> 
     </span>
    </p>

    <p class='ocr_par' dir='ltr' id='par_1_5' title="bbox 349 686 1757 825">
     <span class='ocr_line' id='line_1_6' title="bbox 349 686 1757 750; baseline -0.004 -13"><span class='ocrx_word' id='word_1_38' title='bbox 349 704 353 709; x_wconf 90' lang='grc'><strong>“</strong></span> <span class='ocrx_word' id='word_1_39' title='bbox 388 695 494 737; x_wconf 87' lang='lat' dir='ltr'>ritus</span> <span class='ocrx_word' id='word_1_40' title='bbox 528 700 612 742; x_wconf 88' lang='lat' dir='ltr'>est,</span> <span class='ocrx_word' id='word_1_41' title='bbox 637 691 826 735; x_wconf 86' lang='lat' dir='ltr'>dividens</span> <span class='ocrx_word' id='word_1_42' title='bbox 848 689 1021 750; x_wconf 86' lang='lat' dir='ltr'>singulis</span> <span class='ocrx_word' id='word_1_43' title='bbox 1039 696 1169 749; x_wconf 87' lang='lat' dir='ltr'>prout</span> <span class='ocrx_word' id='word_1_44' title='bbox 1189 686 1323 732; x_wconf 80' lang='lat' dir='ltr'>vult¹.</span> <span class='ocrx_word' id='word_1_45' title='bbox 1351 688 1426 731; x_wconf 83' lang='lat' dir='ltr'>Est</span> <span class='ocrx_word' id='word_1_46' title='bbox 1446 686 1630 746; x_wconf 77' lang='lat' dir='ltr'>Spiritus</span> <span class='ocrx_word' id='word_1_47' title='bbox 1646 686 1757 731; x_wconf 85' lang='lat' dir='ltr'>Pro·-</span> 
     </span>
     <span class='ocr_line' id='line_1_7' title="bbox 387 752 1755 825; baseline -0.005 -17"><span class='ocrx_word' id='word_1_48' title='bbox 387 766 614 825; x_wconf 82' lang='lat' dir='ltr'>phetarum</span> <span class='ocrx_word' id='word_1_49' title='bbox 629 796 640 814; x_wconf 95' lang='lat'><strong><em>,</em></strong></span> <span class='ocrx_word' id='word_1_50' title='bbox 670 771 714 806; x_wconf 88' lang='lat' dir='ltr'>ot</span> <span class='ocrx_word' id='word_1_51' title='bbox 739 752 919 821; x_wconf 85' lang='lat' dir='ltr'>Spiritus</span> <span class='ocrx_word' id='word_1_52' title='bbox 952 761 1282 820; x_wconf 73' lang='lat' dir='ltr'><strong>Apostolorum:</strong></span> <span class='ocrx_word' id='word_1_53' title='bbox 1298 768 1363 804; x_wconf 86' lang='lat' dir='ltr'>est</span> <span class='ocrx_word' id='word_1_54' title='bbox 1377 760 1507 803; x_wconf 85' lang='lat' dir='ltr'>etiam</span> <span class='ocrx_word' id='word_1_55' title='bbox 1539 757 1755 806; x_wconf 82' lang='lat' dir='ltr'>artificum</span> 
     </span>
    </p>

    <p class='ocr_par' dir='ltr' id='par_1_6' title="bbox 381 829 1758 1252">
     <span class='ocr_line' id='line_1_8' title="bbox 387 829 1756 895; baseline -0.006 -15"><span class='ocrx_word' id='word_1_56' title='bbox 387 835 574 895; x_wconf 87' lang='lat' dir='ltr'>spiritus,</span> <span class='ocrx_word' id='word_1_57' title='bbox 601 834 711 878; x_wconf 88' lang='lat' dir='ltr'>sicut</span> <span class='ocrx_word' id='word_1_58' title='bbox 727 833 968 877; x_wconf 86' lang='lat' dir='ltr'>etBeseleel</span> <span class='ocrx_word' id='word_1_59' title='bbox 983 840 1023 876; x_wconf 88' lang='lat' dir='ltr'>ot</span> <span class='ocrx_word' id='word_1_60' title='bbox 1036 832 1206 882; x_wconf 80' lang='lat' dir='ltr'>ooliab,</span> <span class='ocrx_word' id='word_1_61' title='bbox 1217 846 1323 890; x_wconf 89' lang='lat' dir='ltr'>quos</span> <span class='ocrx_word' id='word_1_62' title='bbox 1340 830 1531 890; x_wconf 85' lang='lat' dir='ltr'>implevit</span> <span class='ocrx_word' id='word_1_63' title='bbox 1544 829 1756 874; x_wconf 68' lang='lat' dir='ltr'>Dominus</span> 
     </span>
     <span class='ocr_line' id='line_1_9' title="bbox 386 899 1758 966; baseline -0.005 -15"><span class='ocrx_word' id='word_1_64' title='bbox 386 907 547 966; x_wconf 78' lang='lat' dir='ltr'>Spiritu</span> <span class='ocrx_word' id='word_1_65' title='bbox 565 905 705 950; x_wconf 89' lang='lat' dir='ltr'>divino</span> <span class='ocrx_word' id='word_1_66' title='bbox 724 905 936 964; x_wconf 83' lang='lat' dir='ltr'>sapientiae</span> <span class='ocrx_word' id='word_1_67' title='bbox 958 914 1001 948; x_wconf 91' lang='lat' dir='ltr'>et</span> <span class='ocrx_word' id='word_1_68' title='bbox 1019 903 1203 947; x_wconf 63' lang='lat' dir='ltr'>scientiae</span> <span class='ocrx_word' id='word_1_69' title='bbox 1215 936 1227 955; x_wconf 88' lang='lat'>‚</span> <span class='ocrx_word' id='word_1_70' title='bbox 1245 911 1287 947; x_wconf 85' lang='lat' dir='ltr'>et</span> <span class='ocrx_word' id='word_1_71' title='bbox 1304 902 1442 946; x_wconf 88' lang='lat' dir='ltr'>omnis</span> <span class='ocrx_word' id='word_1_72' title='bbox 1460 900 1587 948; x_wconf 78' lang='lat' dir='ltr'>artis²</span> <span class='ocrx_word' id='word_1_73' title='bbox 1603 917 1616 951; x_wconf 82' lang='lat'>3</span> <span class='ocrx_word' id='word_1_74' title='bbox 1637 907 1687 945; x_wconf 75' lang='lat' dir='ltr'>ut</span> <span class='ocrx_word' id='word_1_75' title='bbox 1699 899 1758 944; x_wconf 79' lang='lat' dir='ltr'>sa·-</span> 
     </span>
     <span class='ocr_line' id='line_1_10' title="bbox 386 974 1756 1038; baseline -0.004 -16"><span class='ocrx_word' id='word_1_76' title='bbox 386 987 534 1023; x_wconf 88' lang='lat' dir='ltr'>cerent</span> <span class='ocrx_word' id='word_1_77' title='bbox 550 978 753 1022; x_wconf 84' lang='lat' dir='ltr'>amictum</span> <span class='ocrx_word' id='word_1_78' title='bbox 774 985 818 1021; x_wconf 90' lang='lat' dir='ltr'>et</span> <span class='ocrx_word' id='word_1_79' title='bbox 833 977 1158 1038; x_wconf 82' lang='lat' dir='ltr'>tabernaculum</span> <span class='ocrx_word' id='word_1_80' title='bbox 1171 1007 1184 1026; x_wconf 88' lang='lat'>‚</span> <span class='ocrx_word' id='word_1_81' title='bbox 1225 982 1351 1034; x_wconf 81' lang='lat' dir='ltr'>atque</span> <span class='ocrx_word' id='word_1_82' title='bbox 1369 975 1500 1019; x_wconf 84' lang='lat' dir='ltr'>altare</span> <span class='ocrx_word' id='word_1_83' title='bbox 1520 974 1756 1017; x_wconf 86' lang='lat' dir='ltr'>secundum</span> 
     </span>
     <span class='ocr_line' id='line_1_11' title="bbox 385 1044 1757 1108; baseline -0.005 -14"><span class='ocrx_word' id='word_1_84' title='bbox 385 1063 556 1094; x_wconf 86' lang='lat' dir='ltr'>sensum</span> <span class='ocrx_word' id='word_1_85' title='bbox 573 1065 700 1108; x_wconf 86' lang='lat' dir='ltr'>quem</span> <span class='ocrx_word' id='word_1_86' title='bbox 721 1048 910 1092; x_wconf 77' lang='lat' dir='ltr'>‹ledithis</span> <span class='ocrx_word' id='word_1_87' title='bbox 924 1049 1062 1096; x_wconf 83' lang='lat' dir='ltr'>Deus3</span> <span class='ocrx_word' id='word_1_88' title='bbox 1081 1048 1155 1091; x_wconf 86' lang='lat' dir='ltr'>sed</span> <span class='ocrx_word' id='word_1_89' title='bbox 1171 1047 1299 1090; x_wconf 84' lang='lat' dir='ltr'>etiam</span> <span class='ocrx_word' id='word_1_90' title='bbox 1317 1045 1480 1090; x_wconf 84' lang='lat' dir='ltr'>caeteris</span> <span class='ocrx_word' id='word_1_91' title='bbox 1494 1044 1757 1104; x_wconf 82' lang='lat' dir='ltr'>sapientibus</span> 
     </span>
     <span class='ocr_line' id='line_1_12' title="bbox 382 1116 1758 1180; baseline -0.005 -14"><span class='ocrx_word' id='word_1_92' title='bbox 382 1121 646 1180; x_wconf 81' lang='lat' dir='ltr'>intelligere,</span> <span class='ocrx_word' id='word_1_93' title='bbox 679 1130 723 1165; x_wconf 90' lang='lat' dir='ltr'>et</span> <span class='ocrx_word' id='word_1_94' title='bbox 743 1121 886 1164; x_wconf 85' lang='lat' dir='ltr'>facere</span> <span class='ocrx_word' id='word_1_95' title='bbox 912 1118 1053 1164; x_wconf 79' lang='lat' dir='ltr'>om&#39;fiia</span> <span class='ocrx_word' id='word_1_96' title='bbox 1075 1135 1203 1179; x_wconf 86' lang='lat' dir='ltr'>opera</span> <span class='ocrx_word' id='word_1_97' title='bbox 1236 1120 1474 1163; x_wconf 88' lang='lat' dir='ltr'>secundum</span> <span class='ocrx_word' id='word_1_98' title='bbox 1502 1116 1642 1161; x_wconf 82' lang='lat' dir='ltr'>omnia</span> <span class='ocrx_word' id='word_1_99' title='bbox 1665 1131 1758 1174; x_wconf 84' lang='lat' dir='ltr'>quae</span> 
     </span>
     <span class='ocr_line' id='line_1_13' title="bbox 381 1188 1750 1252; baseline -0.003 -16"><span class='ocrx_word' id='word_1_100' title='bbox 381 1192 589 1238; x_wconf 88' lang='lat' dir='ltr'><strong>Dominus</strong></span> <span class='ocrx_word' id='word_1_101' title='bbox 612 1193 857 1252; x_wconf 79' lang='lat' dir='ltr'>imperabat.</span> <span class='ocrx_word' id='word_1_102' title='bbox 883 1192 1032 1250; x_wconf 80' lang='lat' dir='ltr'>Itaque</span> <span class='ocrx_word' id='word_1_103' title='bbox 1054 1191 1249 1234; x_wconf 82' lang='lat' dir='ltr'>fecerunt</span> <span class='ocrx_word' id='word_1_104' title='bbox 1265 1206 1358 1248; x_wconf 85' lang='lat' dir='ltr'>quae</span> <span class='ocrx_word' id='word_1_105' title='bbox 1375 1205 1460 1234; x_wconf 90' lang='lat' dir='ltr'>non</span> <span class='ocrx_word' id='word_1_106' title='bbox 1484 1188 1750 1237; x_wconf 79' lang='lat' dir='ltr'>didicerant,</span> 
     </span>
    </p>

    <p class='ocr_par' dir='ltr' id='par_1_7' title="bbox 382 1260 1773 1535">
     <span class='ocr_line' id='line_1_14' title="bbox 382 1260 1759 1320; baseline -0.004 -14"><span class='ocrx_word' id='word_1_107' title='bbox 382 1278 465 1308; x_wconf 87' lang='lat' dir='ltr'>nec</span> <span class='ocrx_word' id='word_1_108' title='bbox 486 1263 702 1314; x_wconf 81' lang='lat' dir='ltr'>viderant,</span> <span class='ocrx_word' id='word_1_109' title='bbox 728 1264 961 1306; x_wconf 85' lang='lat' dir='ltr'>secundum</span> <span class='ocrx_word' id='word_1_110' title='bbox 994 1278 1044 1305; x_wconf 86' lang='lat' dir='ltr'>ea</span> <span class='ocrx_word' id='word_1_111' title='bbox 1065 1277 1159 1320; x_wconf 81' lang='lat' dir='ltr'>quae</span> <span class='ocrx_word' id='word_1_112' title='bbox 1187 1261 1252 1304; x_wconf 91' lang='lat' dir='ltr'>his</span> <span class='ocrx_word' id='word_1_113' title='bbox 1285 1260 1466 1319; x_wconf 83' lang='lat' dir='ltr'>Spiritus</span> <span class='ocrx_word' id='word_1_114' title='bbox 1492 1260 1759 1303; x_wconf 79' lang='lat' dir='ltr'>demonstra·-</span> 
     </span>
     <span class='ocr_line' id='line_1_15' title="bbox 382 1318 1757 1391; baseline -0.003 -15"><span class='ocrx_word' id='word_1_115' title='bbox 382 1333 469 1376; x_wconf 80' lang='lat' dir='ltr'>bat.</span> <span class='ocrx_word' id='word_1_116' title='bbox 497 1332 551 1375; x_wconf 88' lang='lat' dir='ltr'>Et</span> <span class='ocrx_word' id='word_1_117' title='bbox 570 1333 782 1391; x_wconf 84' lang='lat' dir='ltr'>plerisque</span> <span class='ocrx_word' id='word_1_118' title='bbox 801 1333 970 1377; x_wconf 86' lang='lat' dir='ltr'>videtur</span> <span class='ocrx_word' id='word_1_119' title='bbox 989 1333 1094 1376; x_wconf 82' lang='lat' dir='ltr'>alius</span> <span class='ocrx_word' id='word_1_120' title='bbox 1111 1331 1420 1391; x_wconf 83' lang='lat' dir='ltr'><strong>Apostolorum</strong></span> <span class='ocrx_word' id='word_1_121' title='bbox 1440 1329 1634 1388; x_wconf 84' lang='lat' dir='ltr'>spiritus,</span> <span class='ocrx_word' id='word_1_122' title='bbox 1653 1318 1757 1373; x_wconf 72' lang='lat' dir='ltr'>alius</span> 
     </span>
     <span class='ocr_line' id='line_1_16' title="bbox 382 1391 1773 1462; baseline -0.004 -14"><span class='ocrx_word' id='word_1_123' title='bbox 382 1391 715 1462; x_wconf 83' lang='lat' dir='ltr'>Prophetarum,</span> <span class='ocrx_word' id='word_1_124' title='bbox 740 1414 783 1448; x_wconf 89' lang='lat' dir='ltr'>et</span> <span class='ocrx_word' id='word_1_125' title='bbox 799 1404 1017 1449; x_wconf 86' lang='lat' dir='ltr'>diversus</span> <span class='ocrx_word' id='word_1_126' title='bbox 1006 1421 1050 1447; x_wconf 83' lang='lat' dir='ltr'>ln</span> <span class='ocrx_word' id='word_1_127' title='bbox 1069 1403 1267 1462; x_wconf 86' lang='lat' dir='ltr'>singulis:</span> <span class='ocrx_word' id='word_1_128' title='bbox 1289 1403 1364 1446; x_wconf 86' lang='lat' dir='ltr'>sed</span> <span class='ocrx_word' id='word_1_129' title='bbox 1377 1417 1461 1446; x_wconf 89' lang='lat' dir='ltr'>non</span> <span class='ocrx_word' id='word_1_130' title='bbox 1474 1409 1539 1445; x_wconf 87' lang='lat' dir='ltr'>est</span> <span class='ocrx_word' id='word_1_131' title='bbox 1550 1401 1773 1450; x_wconf 60' lang='lat' dir='ltr'>diversus„</span> 
     </span>
     <span class='ocr_line' id='line_1_17' title="bbox 382 1438 1751 1535; baseline -0.003 -16"><span class='ocrx_word' id='word_1_132' title='bbox 382 1477 459 1519; x_wconf 81' lang='lat' dir='ltr'>sed</span> <span class='ocrx_word' id='word_1_133' title='bbox 487 1492 596 1527; x_wconf 85' lang='lat' dir='ltr'>unus</span> <span class='ocrx_word' id='word_1_134' title='bbox 621 1485 685 1520; x_wconf 83' lang='lat' dir='ltr'>est</span> <span class='ocrx_word' id='word_1_135' title='bbox 712 1476 893 1535; x_wconf 87' lang='lat' dir='ltr'>Spiritus</span> <span class='ocrx_word' id='word_1_136' title='bbox 909 1510 920 1527; x_wconf 93' lang='lat'><strong><em>,</em></strong></span> <span class='ocrx_word' id='word_1_137' title='bbox 946 1438 1159 1520; x_wconf 59' lang='lat' dir='ltr'>divideuso</span> <span class='ocrx_word' id='word_1_138' title='bbox 1157 1490 1311 1534; x_wconf 83' lang='lat' dir='ltr'>genera</span> <span class='ocrx_word' id='word_1_139' title='bbox 1343 1474 1505 1518; x_wconf 83' lang='lat' dir='ltr'>diversa</span> <span class='ocrx_word' id='word_1_140' title='bbox 1530 1472 1751 1517; x_wconf 76' lang='lat' dir='ltr'>virtutum.</span> 
     </span>
    </p>

    <p class='ocr_par' dir='ltr' id='par_1_8' title="bbox 383 1541 1757 1891">
     <span class='ocr_line' id='line_1_18' title="bbox 385 1541 1756 1603; baseline -0.004 -13"><span class='ocrx_word' id='word_1_141' title='bbox 385 1547 508 1590; x_wconf 85' lang='lat' dir='ltr'>Unde</span> <span class='ocrx_word' id='word_1_142' title='bbox 532 1562 617 1590; x_wconf 91' lang='lat' dir='ltr'>non</span> <span class='ocrx_word' id='word_1_143' title='bbox 642 1547 821 1590; x_wconf 80' lang='lat' dir='ltr'>dubium</span> <span class='ocrx_word' id='word_1_144' title='bbox 841 1547 973 1593; x_wconf 82' lang='lat' dir='ltr'>videri</span> <span class='ocrx_word' id='word_1_145' title='bbox 997 1547 1145 1597; x_wconf 86' lang='lat' dir='ltr'>debet,</span> <span class='ocrx_word' id='word_1_146' title='bbox 1175 1546 1209 1590; x_wconf 89' lang='lat' dir='ltr'>si</span> <span class='ocrx_word' id='word_1_147' title='bbox 1226 1546 1315 1589; x_wconf 84' lang='lat' dir='ltr'>aliis</span> <span class='ocrx_word' id='word_1_148' title='bbox 1336 1545 1528 1590; x_wconf 83' lang='lat' dir='ltr'>Verbum</span> <span class='ocrx_word' id='word_1_149' title='bbox 1551 1541 1756 1603; x_wconf 80' lang='lat' dir='ltr'>apostoli-</span> 
     </span>
     <span class='ocr_line' id='line_1_19' title="bbox 386 1613 1757 1675; baseline -0.004 -14"><span class='ocrx_word' id='word_1_150' title='bbox 386 1631 485 1661; x_wconf 84' lang='lat' dir='ltr'>cum</span> <span class='ocrx_word' id='word_1_151' title='bbox 502 1649 515 1667; x_wconf 89' lang='lat'><strong><em>,</em></strong></span> <span class='ocrx_word' id='word_1_152' title='bbox 548 1617 636 1660; x_wconf 82' lang='lat' dir='ltr'>aliis</span> <span class='ocrx_word' id='word_1_153' title='bbox 667 1617 966 1675; x_wconf 87' lang='lat' dir='ltr'>propheticum</span> <span class='ocrx_word' id='word_1_154' title='bbox 980 1650 992 1668; x_wconf 95' lang='lat'><strong><em>,</em></strong></span> <span class='ocrx_word' id='word_1_155' title='bbox 1013 1617 1102 1660; x_wconf 85' lang='lat' dir='ltr'>aliis</span> <span class='ocrx_word' id='word_1_156' title='bbox 1125 1617 1439 1675; x_wconf 79' lang='lat' dir='ltr'>evangelicum,</span> <span class='ocrx_word' id='word_1_157' title='bbox 1470 1615 1560 1659; x_wconf 79' lang='lat' dir='ltr'>aliis</span> <span class='ocrx_word' id='word_1_158' title='bbox 1576 1613 1757 1658; x_wconf 84' lang='lat' dir='ltr'>verbum</span> 
     </span>
     <span class='ocr_line' id='line_1_20' title="bbox 383 1684 1756 1746; baseline -0.002 -15"><span class='ocrx_word' id='word_1_159' title='bbox 383 1687 673 1746; x_wconf 85' lang='lat' dir='ltr'>operatorium</span> <span class='ocrx_word' id='word_1_160' title='bbox 698 1689 845 1732; x_wconf 81' lang='lat' dir='ltr'>datum</span> <span class='ocrx_word' id='word_1_161' title='bbox 861 1696 924 1732; x_wconf 89' lang='lat' dir='ltr'>est</span> <span class='ocrx_word' id='word_1_162' title='bbox 932 1706 944 1739; x_wconf 81' lang='lat'>3</span> <span class='ocrx_word' id='word_1_163' title='bbox 966 1696 1168 1733; x_wconf 84' lang='lat' dir='ltr'>ettamen</span> <span class='ocrx_word' id='word_1_164' title='bbox 1189 1704 1325 1731; x_wconf 89' lang='lat' dir='ltr'>unum</span> <span class='ocrx_word' id='word_1_165' title='bbox 1345 1697 1409 1732; x_wconf 87' lang='lat' dir='ltr'>est</span> <span class='ocrx_word' id='word_1_166' title='bbox 1441 1687 1620 1732; x_wconf 79' lang='lat' dir='ltr'>verbum</span> <span class='ocrx_word' id='word_1_167' title='bbox 1648 1684 1756 1729; x_wconf 79' lang='lat' dir='ltr'>‹livi-</span> 
     </span>
     <span class='ocr_line' id='line_1_21' title="bbox 386 1758 1757 1819; baseline -0.004 -13"><span class='ocrx_word' id='word_1_168' title='bbox 386 1760 490 1806; x_wconf 75' lang='lat' dir='ltr'>dens</span> <span class='ocrx_word' id='word_1_169' title='bbox 511 1775 555 1803; x_wconf 84' lang='lat' dir='ltr'>se</span> <span class='ocrx_word' id='word_1_170' title='bbox 577 1759 754 1818; x_wconf 84' lang='lat' dir='ltr'>singulis</span> <span class='ocrx_word' id='word_1_171' title='bbox 771 1775 846 1819; x_wconf 89' lang='lat' dir='ltr'>pro</span> <span class='ocrx_word' id='word_1_172' title='bbox 867 1768 1010 1803; x_wconf 82' lang='lat' dir='ltr'>nostra</span> <span class='ocrx_word' id='word_1_173' title='bbox 1031 1760 1333 1819; x_wconf 85' lang='lat' dir='ltr'>possibilitate,</span> <span class='ocrx_word' id='word_1_174' title='bbox 1358 1760 1425 1803; x_wconf 87' lang='lat' dir='ltr'>vel</span> <span class='ocrx_word' id='word_1_175' title='bbox 1443 1773 1520 1818; x_wconf 89' lang='lat' dir='ltr'>pro</span> <span class='ocrx_word' id='word_1_176' title='bbox 1542 1774 1616 1802; x_wconf 84' lang='lat' dir='ltr'>sua</span> <span class='ocrx_word' id='word_1_177' title='bbox 1632 1758 1757 1802; x_wconf 88' lang='lat' dir='ltr'><strong>volu-</strong></span> 
     </span>
     <span class='ocr_line' id='line_1_22' title="bbox 383 1828 1753 1891; baseline -0.001 -17"><span class='ocrx_word' id='word_1_178' title='bbox 383 1830 489 1877; x_wconf 73' lang='lat' dir='ltr'>taria</span> <span class='ocrx_word' id='word_1_179' title='bbox 500 1830 709 1888; x_wconf 82' lang='lat' dir='ltr'>largitate.</span> <span class='ocrx_word' id='word_1_180' title='bbox 728 1831 818 1874; x_wconf 85' lang='lat' dir='ltr'>Hoc</span> <span class='ocrx_word' id='word_1_181' title='bbox 834 1830 1028 1876; x_wconf 81' lang='lat' dir='ltr'>Verbum</span> <span class='ocrx_word' id='word_1_182' title='bbox 1045 1831 1188 1891; x_wconf 85' lang='lat' dir='ltr'>igitur,</span> <span class='ocrx_word' id='word_1_183' title='bbox 1202 1832 1318 1889; x_wconf 90' lang='lat' dir='ltr'>quod</span> <span class='ocrx_word' id='word_1_184' title='bbox 1330 1838 1394 1874; x_wconf 89' lang='lat' dir='ltr'>est</span> <span class='ocrx_word' id='word_1_185' title='bbox 1405 1837 1534 1889; x_wconf 82' lang='lat' dir='ltr'>caput</span> <span class='ocrx_word' id='word_1_186' title='bbox 1545 1828 1753 1878; x_wconf 82' lang='lat' dir='ltr'>omnium,</span> 
     </span>
    </p>

    <p class='ocr_par' dir='ltr' id='par_1_9' title="bbox 381 1900 1756 2093">
     <span class='ocr_line' id='line_1_23' title="bbox 381 1900 1756 1960; baseline 0.002 -16"><span class='ocrx_word' id='word_1_187' title='bbox 381 1900 453 1945; x_wconf 87' lang='lat' dir='ltr'>hic</span> <span class='ocrx_word' id='word_1_188' title='bbox 473 1917 550 1960; x_wconf 88' lang='lat' dir='ltr'>per</span> <span class='ocrx_word' id='word_1_189' title='bbox 572 1903 795 1960; x_wconf 89' lang='lat' dir='ltr'>speculum</span> <span class='ocrx_word' id='word_1_190' title='bbox 826 1902 975 1952; x_wconf 81' lang='lat' dir='ltr'>video3</span> <span class='ocrx_word' id='word_1_191' title='bbox 998 1911 1041 1947; x_wconf 90' lang='lat' dir='ltr'>et</span> <span class='ocrx_word' id='word_1_192' title='bbox 1058 1903 1152 1946; x_wconf 89' lang='lat' dir='ltr'>ideo</span> <span class='ocrx_word' id='word_1_193' title='bbox 1178 1903 1305 1948; x_wconf 86' lang='lat' dir='ltr'>verba</span> <span class='ocrx_word' id='word_1_194' title='bbox 1336 1903 1407 1946; x_wconf 90' lang='lat' dir='ltr'>hic</span> <span class='ocrx_word' id='word_1_195' title='bbox 1430 1901 1646 1946; x_wconf 86' lang='lat' dir='ltr'>custodire</span> <span class='ocrx_word' id='word_1_196' title='bbox 1668 1915 1756 1947; x_wconf 84' lang='lat' dir='ltr'>non</span> 
     </span>
     <span class='ocr_line' id='line_1_24' title="bbox 383 1973 1755 2033; baseline 0.002 -19"><span class='ocrx_word' id='word_1_197' title='bbox 383 1986 557 2030; x_wconf 85' lang='lat' dir='ltr'>possum</span> <span class='ocrx_word' id='word_1_198' title='bbox 577 1987 587 2014; x_wconf 72' lang='grc' dir='ltr'>ι</span> <span class='ocrx_word' id='word_1_199' title='bbox 613 1974 688 2015; x_wconf 87' lang='lat' dir='ltr'>sed</span> <span class='ocrx_word' id='word_1_200' title='bbox 710 1988 810 2016; x_wconf 87' lang='lat' dir='ltr'>cum</span> <span class='ocrx_word' id='word_1_201' title='bbox 828 1973 972 2016; x_wconf 85' lang='lat' dir='ltr'>videro</span> <span class='ocrx_word' id='word_1_202' title='bbox 999 1974 1175 2033; x_wconf 84' lang='lat' dir='ltr'>gloriam</span> <span class='ocrx_word' id='word_1_203' title='bbox 1193 1974 1284 2032; x_wconf 89' lang='lat' dir='ltr'>ejus</span> <span class='ocrx_word' id='word_1_204' title='bbox 1306 1975 1487 2019; x_wconf 82' lang='lat' dir='ltr'>revelata</span> <span class='ocrx_word' id='word_1_205' title='bbox 1504 1973 1633 2024; x_wconf 82' lang='lat' dir='ltr'>facie,</span> <span class='ocrx_word' id='word_1_206' title='bbox 1651 1980 1755 2017; x_wconf 78' lang='lat' dir='ltr'>tune</span> 
     </span>
     <span class='ocr_line' id='line_1_25' title="bbox 386 2043 1584 2093; baseline 0.002 -6"><span class='ocrx_word' id='word_1_207' title='bbox 386 2043 546 2093; x_wconf 75' lang='lat' dir='ltr'>vivam,</span> <span class='ocrx_word' id='word_1_208' title='bbox 559 2050 602 2086; x_wconf 86' lang='lat' dir='ltr'>et</span> <span class='ocrx_word' id='word_1_209' title='bbox 619 2043 701 2087; x_wconf 85' lang='lat' dir='ltr'>vita</span> <span class='ocrx_word' id='word_1_210' title='bbox 712 2043 853 2087; x_wconf 82' lang='lat' dir='ltr'>vivens</span> <span class='ocrx_word' id='word_1_211' title='bbox 869 2045 996 2088; x_wconf 83' lang='lat' dir='ltr'>etiam</span> <span class='ocrx_word' id='word_1_212' title='bbox 1013 2045 1141 2089; x_wconf 84' lang='lat' dir='ltr'>verba</span> <span class='ocrx_word' id='word_1_213' title='bbox 1169 2045 1309 2090; x_wconf 81' lang='lat' dir='ltr'>divina</span> <span class='ocrx_word' id='word_1_214' title='bbox 1332 2045 1584 2090; x_wconf 84' lang='lat' dir='ltr'>custodiam.</span> 
     </span>
    </p>

    <p class='ocr_par' dir='ltr' id='par_1_10' title="bbox 385 2113 1796 2675">
     <span class='ocr_line' id='line_1_26' title="bbox 444 2113 1754 2177; baseline 0.001 -17"><span class='ocrx_word' id='word_1_215' title='bbox 444 2113 588 2160; x_wconf 86' lang='lat' dir='ltr'>XXII.</span> <span class='ocrx_word' id='word_1_216' title='bbox 615 2114 716 2158; x_wconf 73' lang='lat' dir='ltr'>rdeo</span> <span class='ocrx_word' id='word_1_217' title='bbox 747 2131 848 2174; x_wconf 86' lang='lat' dir='ltr'>ergo</span> <span class='ocrx_word' id='word_1_218' title='bbox 871 2119 1059 2160; x_wconf 86' lang='lat' dir='ltr'>secundo</span> <span class='ocrx_word' id='word_1_219' title='bbox 1076 2133 1200 2163; x_wconf 86' lang='lat' dir='ltr'>versu</span> <span class='ocrx_word' id='word_1_220' title='bbox 1218 2117 1348 2162; x_wconf 86' lang='lat' dir='ltr'>dicit:</span> <span class='ocrx_word' id='word_1_221' title='bbox 1366 2136 1382 2158; x_wconf 74' lang='grc' dir='ltr'><strong>α</strong></span> <span class='ocrx_word' id='word_1_222' title='bbox 1398 2116 1584 2177; x_wconf 81' lang='lat' dir='ltr'>Adaperi</span> <span class='ocrx_word' id='word_1_223' title='bbox 1606 2116 1754 2162; x_wconf 73' lang='lat' dir='ltr'>oculos</span> 
     </span>
     <span class='ocr_line' id='line_1_27' title="bbox 387 2187 1754 2248; baseline 0.002 -19"><span class='ocrx_word' id='word_1_224' title='bbox 387 2201 559 2238; x_wconf 77' lang='lat' dir='ltr'>»meos,</span> <span class='ocrx_word' id='word_1_225' title='bbox 593 2195 636 2229; x_wconf 89' lang='lat' dir='ltr'>et</span> <span class='ocrx_word' id='word_1_226' title='bbox 656 2187 936 2232; x_wconf 82' lang='lat' dir='ltr'>considerabo</span> <span class='ocrx_word' id='word_1_227' title='bbox 966 2188 1175 2232; x_wconf 80' lang='lat' dir='ltr'>mirabilia</span> <span class='ocrx_word' id='word_1_228' title='bbox 1198 2191 1251 2233; x_wconf 91' lang='lat' dir='ltr'>de</span> <span class='ocrx_word' id='word_1_229' title='bbox 1270 2191 1362 2248; x_wconf 82' lang='lat' dir='ltr'>lege</span> <span class='ocrx_word' id='word_1_230' title='bbox 1384 2188 1498 2233; x_wconf 79' lang='lat' dir='ltr'>tua³.</span> <span class='ocrx_word' id='word_1_231' title='bbox 1515 2207 1532 2230; x_wconf 73' lang='grc' dir='ltr'><strong><em>ι</em></strong></span> <span class='ocrx_word' id='word_1_232' title='bbox 1546 2187 1634 2244; x_wconf 88' lang='lat' dir='ltr'>Qui</span> <span class='ocrx_word' id='word_1_233' title='bbox 1658 2189 1754 2232; x_wconf 79' lang='lat' dir='ltr'>ada-</span> 
     </span>
     <span class='ocr_line' id='line_1_28' title="bbox 385 2259 1755 2320; baseline 0.001 -18"><span class='ocrx_word' id='word_1_234' title='bbox 385 2259 516 2318; x_wconf 80' lang='lat' dir='ltr'>periri</span> <span class='ocrx_word' id='word_1_235' title='bbox 535 2259 613 2302; x_wconf 85' lang='lat' dir='ltr'>sibi</span> <span class='ocrx_word' id='word_1_236' title='bbox 631 2261 778 2303; x_wconf 89' lang='lat' dir='ltr'>oculos</span> <span class='ocrx_word' id='word_1_237' title='bbox 798 2260 926 2319; x_wconf 87' lang='lat' dir='ltr'>petit,</span> <span class='ocrx_word' id='word_1_238' title='bbox 949 2261 1096 2319; x_wconf 82' lang='lat' dir='ltr'>utiquo</span> <span class='ocrx_word' id='word_1_239' title='bbox 1113 2269 1155 2305; x_wconf 89' lang='lat' dir='ltr'>et</span> <span class='ocrx_word' id='word_1_240' title='bbox 1179 2262 1343 2320; x_wconf 85' lang='lat' dir='ltr'>gravari</span> <span class='ocrx_word' id='word_1_241' title='bbox 1366 2261 1580 2320; x_wconf 85' lang='lat' dir='ltr'>intelligit.</span> <span class='ocrx_word' id='word_1_242' title='bbox 1606 2260 1755 2319; x_wconf 85' lang='lat' dir='ltr'>Neque</span> 
     </span>
     <span class='ocr_line' id='line_1_29' title="bbox 386 2330 1755 2391; baseline 0.001 -18"><span class='ocrx_word' id='word_1_243' title='bbox 386 2330 499 2374; x_wconf 89' lang='lat' dir='ltr'>enim</span> <span class='ocrx_word' id='word_1_244' title='bbox 526 2330 743 2375; x_wconf 90' lang='lat' dir='ltr'>medicum</span> <span class='ocrx_word' id='word_1_245' title='bbox 772 2339 918 2390; x_wconf 81' lang='lat' dir='ltr'>rogat,</span> <span class='ocrx_word' id='word_1_246' title='bbox 950 2332 1028 2375; x_wconf 90' lang='lat' dir='ltr'>nisi</span> <span class='ocrx_word' id='word_1_247' title='bbox 1050 2331 1123 2390; x_wconf 90' lang='lat' dir='ltr'>qui</span> <span class='ocrx_word' id='word_1_248' title='bbox 1146 2332 1384 2376; x_wconf 87' lang='lat' dir='ltr'>remedium</span> <span class='ocrx_word' id='word_1_249' title='bbox 1409 2332 1649 2391; x_wconf 87' lang='lat' dir='ltr'>aegritudini</span> <span class='ocrx_word' id='word_1_250' title='bbox 1668 2346 1755 2375; x_wconf 78' lang='lat' dir='ltr'>suae</span> 
     </span>
     <span class='ocr_line' id='line_1_30' title="bbox 387 2402 1750 2462; baseline -0.002 -16"><span class='ocrx_word' id='word_1_251' title='bbox 387 2402 538 2462; x_wconf 80' lang='lat' dir='ltr'>poscit.</span> <span class='ocrx_word' id='word_1_252' title='bbox 572 2403 687 2447; x_wconf 89' lang='lat' dir='ltr'>Dicit</span> <span class='ocrx_word' id='word_1_253' title='bbox 721 2419 822 2462; x_wconf 83' lang='lat' dir='ltr'>ergo</span> <span class='ocrx_word' id='word_1_254' title='bbox 855 2403 933 2447; x_wconf 74' lang='lat' dir='ltr'>isrte</span> <span class='ocrx_word' id='word_1_255' title='bbox 960 2405 1014 2447; x_wconf 81' lang='lat' dir='ltr'>ad</span> <span class='ocrx_word' id='word_1_256' title='bbox 1038 2404 1256 2447; x_wconf 87' lang='lat' dir='ltr'>medicum</span> <span class='ocrx_word' id='word_1_257' title='bbox 1277 2404 1521 2448; x_wconf 86' lang='lat' dir='ltr'>venientem</span> <span class='ocrx_word' id='word_1_258' title='bbox 1543 2402 1750 2447; x_wconf 67' lang='lat' dir='ltr'>decocto:</span> 
     </span>
     <span class='ocr_line' id='line_1_31' title="bbox 399 2471 1796 2531; baseline -0.001 -16"><span class='ocrx_word' id='word_1_259' title='bbox 399 2490 418 2514; x_wconf 73' lang='grc' dir='ltr'>ι</span> <span class='ocrx_word' id='word_1_260' title='bbox 434 2473 618 2531; x_wconf 82' lang='lat' dir='ltr'>Adaperi</span> <span class='ocrx_word' id='word_1_261' title='bbox 643 2475 789 2517; x_wconf 88' lang='lat' dir='ltr'>oculos</span> <span class='ocrx_word' id='word_1_262' title='bbox 808 2490 939 2518; x_wconf 89' lang='lat' dir='ltr'>meos.</span> <span class='ocrx_word' id='word_1_263' title='bbox 960 2493 976 2515; x_wconf 72' lang='lat' dir='ltr'><strong><em>n</em></strong></span> <span class='ocrx_word' id='word_1_264' title='bbox 991 2474 1035 2518; x_wconf 91' lang='lat' dir='ltr'>Si</span> <span class='ocrx_word' id='word_1_265' title='bbox 1057 2476 1252 2518; x_wconf 86' lang='lat' dir='ltr'>turbatus</span> <span class='ocrx_word' id='word_1_266' title='bbox 1268 2483 1333 2518; x_wconf 85' lang='lat' dir='ltr'>ost</span> <span class='ocrx_word' id='word_1_267' title='bbox 1353 2476 1523 2524; x_wconf 78' lang='lat' dir='ltr'>oculu5‚</span> <span class='ocrx_word' id='word_1_268' title='bbox 1541 2471 1663 2515; x_wconf 80' lang='lat' dir='ltr'>focile</span> <span class='ocrx_word' id='word_1_269' title='bbox 1678 2473 1752 2515; x_wconf 90' lang='lat' dir='ltr'>do-</span> <span class='ocrx_word' id='word_1_270' title='bbox 1779 2508 1796 2513; x_wconf 76' lang='grc'>-,</span> 
     </span>
     <span class='ocr_line' id='line_1_32' title="bbox 388 2542 1750 2604; baseline -0.001 -17"><span class='ocrx_word' id='word_1_271' title='bbox 388 2544 455 2587; x_wconf 85' lang='grc' dir='ltr'>Ιοι·</span> <span class='ocrx_word' id='word_1_272' title='bbox 475 2544 611 2588; x_wconf 91' lang='lat' dir='ltr'>omnis</span> <span class='ocrx_word' id='word_1_273' title='bbox 643 2546 814 2588; x_wconf 80' lang='lat' dir='ltr'>sedatur</span> <span class='ocrx_word' id='word_1_274' title='bbox 850 2545 1053 2604; x_wconf 87' lang='lat' dir='ltr'>collyrio:</span> <span class='ocrx_word' id='word_1_275' title='bbox 1081 2545 1145 2588; x_wconf 90' lang='lat' dir='ltr'>sin</span> <span class='ocrx_word' id='word_1_276' title='bbox 1165 2559 1265 2588; x_wconf 88' lang='lat' dir='ltr'>vero</span> <span class='ocrx_word' id='word_1_277' title='bbox 1290 2543 1400 2587; x_wconf 79' lang='lat' dir='ltr'>acies</span> <span class='ocrx_word' id='word_1_278' title='bbox 1433 2542 1524 2601; x_wconf 80' lang='lat' dir='ltr'>ejus</span> <span class='ocrx_word' id='word_1_279' title='bbox 1558 2542 1750 2587; x_wconf 87' lang='lat' dir='ltr'>humoris</span> 
     </span>
     <span class='ocr_line' id='line_1_33' title="bbox 389 2615 1750 2675; baseline -0.001 -15"><span class='ocrx_word' id='word_1_280' title='bbox 389 2615 620 2664; x_wconf 78' lang='lat' dir='ltr'>suffusione</span> <span class='ocrx_word' id='word_1_281' title='bbox 660 2616 904 2675; x_wconf 71' lang='lat' dir='ltr'>praetexitur</span> <span class='ocrx_word' id='word_1_282' title='bbox 918 2649 931 2667; x_wconf 91' lang='lat'>‚</span> <span class='ocrx_word' id='word_1_283' title='bbox 967 2616 1130 2675; x_wconf 84' lang='lat' dir='ltr'>majora</span> <span class='ocrx_word' id='word_1_284' title='bbox 1161 2615 1347 2659; x_wconf 81' lang='lat' dir='ltr'>remedia</span> <span class='ocrx_word' id='word_1_285' title='bbox 1382 2622 1642 2674; x_wconf 73' lang='lat' dir='ltr'>quaeruntur.</span> <span class='ocrx_word' id='word_1_286' title='bbox 1672 2615 1750 2659; x_wconf 80' lang='lat' dir='ltr'>Est</span> 
     </span>
    </p>
   </div>
   <div class='ocr_carea' id='block_1_3' title="bbox 433 2708 1711 2754">
    <p class='ocr_par' dir='ltr' id='par_1_11' title="bbox 433 2708 1711 2754">
     <span class='ocr_line' id='line_1_34' title="bbox 433 2708 1711 2754; baseline 0.002 -12"><span class='ocrx_word' id='word_1_287' title='bbox 433 2719 442 2735; x_wconf 81' lang='lat'>¹</span> <span class='ocrx_word' id='word_1_288' title='bbox 497 2709 573 2743; x_wconf 85' lang='lat' dir='ltr'>Cor.</span> <span class='ocrx_word' id='word_1_289' title='bbox 590 2708 808 2749; x_wconf 72' lang='lat' dir='ltr'>x1=,4-11.-</span> <span class='ocrx_word' id='word_1_290' title='bbox 825 2719 839 2736; x_wconf 78' lang='lat'>⁸</span> <span class='ocrx_word' id='word_1_291' title='bbox 859 2709 964 2745; x_wconf 83' lang='lat' dir='ltr'>Exod.</span> <span class='ocrx_word' id='word_1_292' title='bbox 984 2720 1082 2752; x_wconf 78' lang='lat' dir='ltr'>xxxv,</span> <span class='ocrx_word' id='word_1_293' title='bbox 1097 2709 1152 2752; x_wconf 77' lang='lat'>50,</span> <span class='ocrx_word' id='word_1_294' title='bbox 1166 2715 1199 2746; x_wconf 85' lang='lat' dir='ltr'>et</span> <span class='ocrx_word' id='word_1_295' title='bbox 1214 2719 1307 2754; x_wconf 85' lang='lat' dir='ltr'>seqq.</span> <span class='ocrx_word' id='word_1_296' title='bbox 1325 2727 1365 2736; x_wconf 92' lang='lat'><strong>—</strong></span> <span class='ocrx_word' id='word_1_297' title='bbox 1385 2710 1401 2735; x_wconf 74' lang='lat'><strong>³</strong></span> <span class='ocrx_word' id='word_1_298' title='bbox 1422 2708 1506 2745; x_wconf 70' lang='lat' dir='ltr'>Psal-</span> <span class='ocrx_word' id='word_1_299' title='bbox 1527 2719 1644 2752; x_wconf 73' lang='lat' dir='ltr'>cnm,</span> <span class='ocrx_word' id='word_1_300' title='bbox 1659 2708 1711 2744; x_wconf 71' lang='lat'>28.</span> 
     </span>
    </p>
   </div>
  </div>
 </body>
</html>
