1800 3236
296 334 300 338 ’
334 332 421 385 438
883 346 917 375 s.
949 345 1149 394 ›Asianosu

333 446 349 468 ι
363 427 476 471 enim
499 426 631 471 Filius
652 425 835 470 hominis
856 441 1044 484 quaerere
1058 459 1069 476 ,
1094 435 1137 469 et
1157 428 1318 469 salvum
1339 426 1477 470 facere
1494 426 1608 484 quod
1628 440 1698 484 pe·
1712 464 1724 475 ,

335 517 352 539 »
365 498 493 541 rierat
508 497 519 519 ¹
544 512 554 540 :
575 516 591 537 »
604 498 679 540 sed
698 497 723 539 J
728 497 836 540 udaei
855 497 1009 541 dimitti
1026 497 1106 540 sibi
1126 499 1332 540 latronem
1350 498 1693 556 postulaverunt,

333 568 480 612 Jesum
502 568 833 626 repudiaverunt
848 567 878 611 ².

394 637 595 685 XXVIII.
634 638 739 690 Quis
762 647 903 682 autem
924 647 988 681 est
1015 639 1087 696 qui
1107 654 1151 682 se
1171 640 1296 697 longe
1317 639 1417 682 facit
1438 653 1462 682 a
1485 637 1693 688 Domino,

334 710 415 754 nisi
440 710 512 767 qui
533 724 620 752 non
642 710 825 767 exquirit
849 709 1030 767 justitias
1053 710 1176 768 ejus?
1198 711 1282 763 Qui
1302 725 1402 753 vero
1423 710 1606 768 justitias
1625 710 1709 752 'ex-6>

339 782 482 839 quirit,
502 796 635 840 prope
662 790 742 831 est,
765 781 952 825 adhaeret
974 783 1077 825 Deo.
1104 783 1157 825 Et
1179 782 1275 824 ideo
1296 781 1479 839 justitias
1500 781 1577 825 Dei
1594 796 1705 839 quae-

339 853 531 896 rentibus
550 852 652 896 dicit
668 852 895 911 Apostolus
915 867 925 895 :
942 871 958 892 α
976 852 1061 896 Vos
1082 852 1154 910 qui
1175 852 1300 895 eratis
1317 853 1442 911 longe
1455 884 1467 901 ,
1493 851 1593 894 facti
1606 851 1706 894 estis

340 939 501 983 »prope
523 924 566 966 in
584 924 787 982 sanguine
814 923 971 966 Christi
987 922 1017 966 ³.
1041 941 1057 964 »
1071 922 1249 981 Sanguis
1266 922 1422 965 Christi
1443 922 1604 980 justitia
1626 930 1701 964 est.

341 993 534 1051 Denique
557 994 644 1052 ipse
665 994 720 1039 ait
745 995 799 1038 ad
822 993 1034 1037 Joannem
1057 1009 1099 1036 ιι(
1115 993 1289 1037 Sine....
1317 1009 1393 1037 nos
1417 993 1593 1053 implere
1613 1006 1711 1035 om-

342 1081 470 1109 »nem
493 1066 700 1124 justitiam
715 1065 746 1110 ⁴.
1440 1115 1442 1117 ,

403 1137 566 1182 ΧΧΙΧ,
604 1136 806 1194 Sequitur
839 1151 985 1179 versus
1019 1144 1196 1194 quartus
1223 1151 1234 1178 z
1260 1153 1277 1175 α
1303 1135 1592 1181 Miserationes
1628 1142 1713 1178 tuoe

344 1209 519 1253 »multae
550 1208 699 1257 nimis,
725 1208 936 1251 Domine:
957 1209 1192 1251 secundum
1222 1207 1431 1265 judicium
1458 1215 1579 1250 tuum
1606 1206 1714 1249 vivi-

345 1279 458 1324 »fica
481 1295 550 1322 me
569 1279 602 1322 ⁵.
626 1279 743 1322 »Etsi
773 1281 899 1337 longe
928 1287 991 1322 est
1022 1294 1043 1321 a
1073 1278 1370 1337 peccatoribus
1401 1279 1540 1328 salus3
1573 1286 1715 1320 tamen

347 1365 473 1394 nemo
508 1351 730 1408 desperet,
765 1350 862 1407 quia
893 1351 1038 1392 multae
1070 1357 1170 1392 sunt
1198 1348 1499 1392 misericordiae
1524 1347 1713 1392 Dominis

350 1420 435 1473 Qui
457 1421 571 1464 enim
593 1436 669 1463 suo
694 1429 871 1479 peccato
893 1428 1097 1478 pereunt,
1122 1419 1414 1463 misericordia
1427 1418 1599 1461 Domini
1615 1417 1718 1472 Iibe-

349 1498 512 1534 rantur.
541 1508 554 1528 ι
583 1491 839 1539 Miserebor,
869 1490 1045 1548 iniquit,
1070 1490 1139 1532 cui
1162 1482 1359 1533 misertus
1384 1504 1457 1532 ero
1473 1488 1504 1532 ⁶.
1532 1507 1551 1529 ο
1572 1489 1717 1532 Palam

354 1562 550 1620 apparuit
571 1577 654 1604 non
679 1562 964 1619 quaerentibus
978 1595 988 1611 ‚
1012 1561 1177 1604 vocavit
1194 1561 1465 1619 refugientes,
1488 1573 1721 1618 congrega-

353 1633 412 1676 vit
440 1633 738 1690 ignaros,'pro
771 1632 969 1675 omnihus
996 1648 1039 1675 se
1071 1632 1226 1675 obtulit
1247 1631 1446 1690 passioni.
1476 1630 1589 1674 Num
1620 1643 1721 1687 ergo

345 1704 535 1749 multum
558 1703 829 1746 misericors?
850 1703 1139 1747 Misericordia
1167 1703 1282 1745 enim
1304 1702 1489 1746 hominis
1513 1701 1555 1744 in
1577 1700 1722 1759 proxi-

355 1789 475 1816 mum
501 1789 626 1818 suum
645 1790 654 1816 :
674 1774 965 1819 misericordia
992 1773 1162 1816 Domini
1190 1773 1231 1816 in
1261 1787 1433 1815 omnem
1453 1786 1648 1821 earnem3
1676 1778 1725 1814 ut

357 1845 494 1887 omnis
517 1860 616 1887 caro
643 1846 696 1888 ad
718 1844 951 1888 Dominum
978 1845 1252 1893 ascenderet,
1274 1843 1340 1886 illa
1359 1843 1531 1886 Domini
1548 1843 1727 1885 misera—

361 1914 476 1958 tione
497 1915 664 1958 donata.

417 1984 561 2027 XXX.
601 1984 685 2027 Sed
717 1999 816 2027 cum
849 1985 1001 2028 dixerit
1032 1986 1187 2027 multas
1224 2000 1314 2028 esse
1350 1984 1523 2028 Domini
1553 1983 1726 2027 misera·

359 2055 495 2098 tiones
512 2088 521 2103 ‚
551 2056 765 2112 quomodo
792 2057 1027 2098 secundum
1055 2056 1213 2113 judicia
1239 2056 1332 2114 ejus
1356 2055 1560 2099 vivificari
1589 2054 1724 2114 petit;

361 2126 545 2170 maxime
570 2141 669 2168 eum
693 2127 790 2170 alibi
817 2127 906 2185 ipse
931 2127 1043 2169 dicat
1063 2142 1073 2169 :
1091 2145 1107 2166 α
1123 2128 1175 2170 Et
1192 2142 1277 2169 non
1299 2128 1430 2170 intres
1456 2127 1499 2170 in
1519 2125 1728 2184 judicium

363 2216 379 2236 n
394 2211 492 2238 cum
509 2211 628 2239 servo
646 2204 719 2239 tuo
735 2196 747 2217 ⁷
767 2196 785 2239 Ρ
802 2216 816 2237 »
832 2197 915 2240 Sed
932 2197 1048 2240 aliud
1066 2206 1131 2240 est
1146 2198 1252 2240 illud
1271 2198 1482 2255 judicium
1503 2195 1729 2241 beneficio·

365 2282 460 2310 rum
483 2267 663 2317 Christi,
690 2268 759 2310 cui
782 2269 1037 2326 respondere
1054 2285 1139 2311 non
1161 2284 1384 2327 possumus
1401 2269 1511 2327 (quis
1528 2268 1641 2312 enim
1659 2282 1731 2324 po-

365 2345 446 2379 test
476 2337 667 2380 debitum
695 2337 852 2381 referre
880 2349 1067 2388 naturae,
1102 2340 1294 2382 debitum
1330 2340 1475 2382 salutis
1501 2348 1544 2382 et
1569 2337 1729 2396 gratiae)

366 2407 482 2453 diud
501 2406 729 2464 judicium,
755 2424 838 2465 quo
856 2409 1090 2467 fragilitatis
1113 2419 1266 2452 nostrae
1291 2410 1570 2454 :estimatione
1588 2423 1732 2452 cense-

365 2492 477 2520 mur.
499 2479 546 2521 Iu
564 2479 644 2521 hoc
664 2480 753 2537 ipso
771 2488 911 2523 tamen
929 2481 1137 2537 judicium
1163 2496 1259 2523 eum
1284 2480 1575 2525 misericordia
1598 2495 1732 2537 copu-

367 2549 500 2591 latum
523 2557 610 2598 est3
636 2558 684 2593 ut
705 2551 857 2593 veritas
887 2550 1036 2608 judicii
1066 2551 1337 2595 miseratione
1364 2551 1535 2595 Domini
1567 2559 1731 2607 tempe-

370 2627 501 2661 retur.

420 2718 428 2732 ·
446 2711 523 2742 Luc.
541 2722 719 2746 xtx.1o.—-
737 2724 747 2738 ·
765 2714 864 2747 Jonn.
881 2725 978 2750 xvnu,
997 2724 1090 2746 10.—-
1106 2715 1120 2737 ³
1137 2713 1258 2756 Ephes.
1277 2725 1316 2751 ιι,
1333 2714 1428 2745 15.--
1449 2711 1591 2745 ⁴Mauh.
1609 2722 1660 2750 w,
1678 2710 1732 2745 >15.

371 2780 411 2788 —
427 2765 440 2787 ⁵
458 2763 542 2798 Psal.
561 2776 699 2807 cxxvm,
722 2768 794 2802 156.
811 2787 850 2794 —
869 2770 883 2792 ⁶
902 2768 1004 2802 Exod.
1024 2778 1142 2807 xxxin,
1166 2778 1215 2811 19.
1232 2786 1272 2792 —
1289 2774 1300 2798 7
1315 2767 1399 2801 Psul.
1418 2777 1520 2807 extu,
1537 2777 1566 2797 2.
