1800 3236
343 345 431 402 452
601 343 603 345 ’
675 379 677 381 -
895 356 930 389 s.
969 354 1163 394 Auunosu

347 443 404 488 ita
428 459 451 488 a
467 439 643 487 veritate
675 441 729 486 ad
750 438 958 500 judicium
981 437 1153 500 justitiae
1174 436 1325 484 divium
1347 433 1520 557 quidam
1542 432 1710 483 videtur

344 514 437 559 fieri
462 528 697 574 processus.

405 585 530 630 LVII.
565 583 728 629 Venisti
751 580 804 628 ad
823 580 1086 628 Ecclesiam.
1105 580 1258 626 audisti
1280 595 1414 625 unum
1434 581 1572 626 Deum
1597 578 1707 631 dici.

348 658 462 701 unde
484 656 572 700 Lex
598 656 768 716 incipit,
803 655 913 698 sicut
933 654 1065 698 habes
1097 651 1708 713 scriptum:«Audi.Is1-ae'1‚

344 728 553 773 Dominus
573 727 686 771 Deus
709 735 822 777 tuus,
845 726 959 770 Deus
980 740 1091 769 unus
1104 724 1187 768 est¹
1210 739 1220 768 ε
1241 743 1258 765 ι
1282 724 1409 767 crede
1420 738 1555 766 unum
1574 721 1713 767 Deum

346 814 455 851 esse,
488 814 574 843 non
595 794 740 857 plures
765 798 878 841 deos.
906 796 1016 840 Cum
1043 804 1184 839 autem
1207 794 1385 854 eoeperis
1403 795 1542 854 legere
1563 791 1714 838 Domi-

356 885 460 914 num
489 870 636 913 Jesum
668 869 746 914 Dei
775 868 931 914 Filium
969 868 1014 911 in
1039 882 1168 911 carne
1191 865 1353 911 venisse
1381 874 1558 926 propter
1583 863 1714 922 totius

346 941 498 984 mundi
528 940 894 1000 redemptionem,
933 938 1144 998 distingue
1176 938 1392 997 sapienter
1419 942 1553 981 unum
1575 935 1716 980 Deum

345 1013 513 1058 Patrem
535 1029 626 1057 esse
645 1045 657 1064 ‚
694 1028 746 1057 ex
774 1027 859 1071 quo
888 1011 1030 1055 omnia
1049 1044 1060 1062 ,
1095 1020 1139 1054 et
1171 1026 1247 1054 nos
1268 1010 1311 1054 in
1342 1010 1460 1054 illum
1484 1025 1494 1053 ε
1518 1017 1562 1054 et
1582 1006 1716 1052 unum

295 1116 298 1119 ᾗ
340 1085 575 1128 Dominum
595 1087 769 1133 Jesum,
799 1098 876 1143 per
901 1097 1029 1141 quem
1059 1082 1228 1133 omnia,
1267 1090 1310 1125 et
1337 1096 1415 1126 nos
1444 1096 1522 1141 per
1551 1080 1709 1140 ipsum.

346 1154 567 1214 Cognosce
587 1154 685 1213 quia
703 1154 799 1198 ideo
823 1153 953 1204 venit,
976 1161 1025 1196 ut
1045 1153 1211 1196 virtutis
1234 1151 1394 1196 semitis
1414 1159 1562 1196 noster
1582 1150 1718 1194 infor-

347 1233 491 1270 metur
513 1225 709 1276 affectus,
728 1233 777 1268 ut
795 1239 967 1269 morum
991 1224 1364 1268 mansuetudinem
1391 1221 1721 1268 conversationis

350 1296 444 1355 ejus
463 1297 723 1341 disceremus
735 1298 945 1356 exemplo,
965 1305 1012 1340 ut
1032 1296 1275 1340 aboleretur
1286 1294 1413 1354 culpa
1425 1311 1502 1355 per
1516 1295 1717 1356 gratiam:

354 1376 399 1412 et
425 1376 529 1412 tunc
563 1384 585 1411 a
618 1368 806 1412 veritatis
837 1367 1102 1412 consessione
1136 1370 1190 1412 ad
1226 1368 1513 1428 cognitionem
1544 1365 1720 1426 justitiae

353 1439 609 1498 processisti.
643 1438 770 1483 Fides
805 1437 1063 1498 principium
1095 1438 1323 1483 Christiani
1361 1447 1426 1483 est
1458 1453 1470 1482 ε
1497 1438 1722 1498 plenitudo
1753 1455 1764 1462 ·

351 1517 494 1553 autem
519 1508 747 1553 Christiani
769 1508 931 1566 justitia
952 1517 1030 1553 est.
1055 1509 1181 1556 Fides
1196 1509 1239 1554 in
1261 1509 1526 1555 confessione
1541 1502 1724 1571 populo-

354 1597 468 1632 rum,
492 1580 653 1639 justitia
675 1581 718 1623 in
737 1581 978 1640 Martyrum
1002 1580 1211 1641 passione.

410 1652 555 1697 LVIII.
576 1652 786 1696 *Scientes
805 1651 934 1711 igitur
946 1652 989 1695 in
1008 1660 1216 1697 aeternum
1234 1668 1434 1698 mansura
1456 1651 1615 1713 judicia
1638 1667 1726 1697 om·

356 1724 426 1768 nia
446 1723 618 1783 justitiae
635 1723 730 1774 Dei,
753 1730 979 1767 caveamus
999 1739 1054 1767 ne
1075 1740 1204 1784 opera
1226 1734 1369 1770 nostra
1393 1724 1664 1785 displiceant,
1680 1727 1729 1769 'et

357 1803 565 1839 aeternum
586 1794 838 1853 incipiamus
859 1794 1003 1838 subire
1026 1794 1236 1853 judicium
1262 1810 1273 1838 τ
1294 1810 1374 1839 nec
1394 1795 1428 1840 si
1451 1794 1609 1855 aliquid
1625 1794 1727 1840 boni

355 1866 551 1917 fecimus,
576 1865 775 1924 resupino
796 1867 1011 1909 solvamur
1031 1866 1198 1911 affectu.
1228 1885 1245 1907 α
1268 1867 1427 1912 Omnes
1454 1875 1623 1927 oportet
1648 1883 1727 1913 nos

361 1944 491 1980 »ante
518 1936 707 1980 tribunal
733 1935 891 1981 Christi
921 1936 1136 1988 assistere3
1165 1945 1212 1981 ut
1231 1938 1408 1998 recipiat
1428 1937 1724 1998 unusquisque

360 2010 505 2068 »quod
531 2007 684 2067 gessit,
708 2007 795 2051 sive
820 2008 1006 2059 bonum,
1039 2008 1125 2053 sive
1141 2009 1345 2055 malum².
1367 2030 1383 2050 »
1406 2008 1535 2055 Vides
1555 2009 1655 2069 quia
1684 2016 1728 2054 et

367 2080 523 2124 Paulus
553 2077 744 2128 assistet,
774 2085 822 2121 ut
850 2078 938 2137 ipse
966 2089 1288 2125 commemorat.
1322 2081 1436 2126 Cave
1465 2080 1601 2140 ligna,
1626 2094 1730 2124 cave

364 2150 586 2210 stipulam3
620 2164 674 2192 ne
697 2150 750 2193 ad
767 2147 979 2208 judicium
1003 2150 1081 2194 Dei
1110 2159 1252 2195 tecum
1277 2143 1469 2204 deseras,
1504 2166 1598 2212 (μιν,
1619 2150 1727 2211 ignis

363 2230 524 2266 exurat.
552 2220 663 2264 Cave
684 2235 738 2264 ne
759 2235 858 2264 cum
880 2221 924 2264 in
948 2236 1034 2265 uno
1051 2228 1124 2266 ant
1136 2223 1304 2268 duobus
1321 2223 1405 2268 hah
1499 2223 1615 2282 quod
1635 2236 1732 2282 pro-

366 2296 518 2343 betur,
547 2291 591 2335 in
619 2291 815 2351 pluribus
850 2292 1050 2352 operibus
1078 2293 1241 2338 deferas
1275 2295 1391 2353 quod
1404 2239 1624 2340 &endan
1653 2291 1732 2337 «Si

366 2383 384 2406 a
398 2364 522 2423 cujus
537 2378 645 2424 opus
666 2363 841 2414 arserit,
867 2363 1172 2408 detrimentum
1194 2365 1406 2424 patietur3
1428 2372 1567 2424 potest
1587 2372 1732 2409 tamen

367 2445 438 2481 »et
469 2436 557 2495 ipse
576 2426 655 2494 per
685 2434 825 2493 ignem
847 2434 1037 2479 salvarv.
1067 2454 1082 2475 ι
1109 2437 1230 2480 Unde
1259 2437 1471 2496 colligitur
1491 2435 1588 2496 quia
1614 2435 1728 2494 idem

367 2508 499 2552 homo
515 2514 558 2550 et
569 2507 754 2549 salvatur
771 2521 823 2549 cx
843 2515 979 2565 parte,
1003 2514 1046 2550 ct
1062 2508 1373 2551 condemnatur
1392 2524 1443 2552 ex
1458 2515 1591 2568 parte.
1619 2505 1732 2565 Cog-

369 2586 594 2623 noscentes
619 2576 760 2635 itaque
782 2579 917 2621 multa
940 2592 1030 2621 csse
1051 2577 1227 2636 judicia,
1254 2594 1383 2639 opera
1402 2588 1546 2623 nostra
1572 2575 1733 2623 exami-

369 2664 520 2694 nemus
542 2647 698 2691 omnia.
726 2648 775 2691 In
800 2648 890 2691 viro
912 2647 1028 2706 justo
1045 2664 1171 2708 grave
1182 2658 1245 2694 est
1267 2650 1588 2703 detrimentum,
1609 2663 1733 2710 grave

419 2750 429 2767 ⁸
448 2742 548 2775 Dent.
562 2750 609 2781 vt,
624 2739 656 2779 4.
676 2757 717 2767 —-
736 2750 748 2766 ²
770 2752 786 2774 a
802 2740 879 2776 Cor.
899 2750 932 2783 v,
955 2752 1006 2777 ιο.
1020 2759 1061 2767 -
1081 2743 1095 2769 ³
1116 2752 1127 2776 ι
1145 2743 1356 2783 Cor.iu,15.
