1800 3236
385 368 471 420 442
938 378 971 407 s.
1012 374 1204 407 munosn

383 461 580 512 libitum,
605 462 680 505 sed
699 476 751 505 ex
770 457 992 519 judicandi
1017 455 1220 514 religione
1235 487 1247 505 ,
1277 457 1392 522 quod
1411 455 1575 514 justum
1601 463 1666 499 est
1682 468 1692 498 ι
1709 463 1752 500 et

386 532 482 575 ideo
508 532 716 590 judicium
738 546 881 574 meum
903 543 1052 573 verum
1075 536 1163 575 est;
1188 526 1286 585 quia
1305 542 1394 570 non
1415 527 1624 570 voluntati
1645 542 1752 571 meae

383 604 584 662 indulgeo
600 634 611 654 ,
636 605 711 647 sed
732 601 933 661 aequitati.
965 599 1122 644 Audito
1143 599 1247 657 quid
1266 598 1397 657 judex
1418 599 1532 642 dicat
1553 598 1748 644 eoelestis.

382 692 398 715 n
412 675 505 719 Non
526 689 698 733 possum
724 689 747 717 a
770 688 839 717 me
860 672 1000 715 facere
1021 670 1253 730 quidquam
1274 684 1284 712 ε
1303 669 1379 712 sed
1404 668 1516 714 sicut
1537 669 1686 721 audio,
1710 678 1755 713 et

386 765 403 784 ›)
417 744 564 803 judico
584 743 616 787 1.

444 814 686 859 XXXVIII.
723 813 777 857 Et
807 813 966 857 Pilatus
1006 812 1176 854 dicebat
1218 812 1271 854 ad
1306 811 1538 857 Dominum
1573 810 1723 854 Jesum
1741 826 1752 854 t

401 885 683 928 «Potestatem
701 885 753 928 ha
761 885 838 928 beo
860 883 1102 927 dimittendi
1118 890 1176 932 te,
1191 890 1234 925 et
1246 890 1498 941 potestatem
1511 881 1648 925 habeo
1665 896 1758 924 cru-

388 955 615 1012 »cifigendi
638 964 680 999 te
704 954 735 1003 ²..
758 974 774 996 n
789 957 974 1013 Usurpas
989 988 1000 1005 ,
1023 969 1047 996 o
1065 953 1196 996 homo
1211 986 1221 1003 ‚
1245 958 1499 1012 potestatem
1524 966 1652 1011 quam
1672 966 1758 995 non

392 1027 522 1070 habes
535 1044 545 1078 3
560 1042 670 1070 cum
688 1027 801 1070 Deus
818 1034 944 1085 neget
963 1041 1007 1069 so
1028 1025 1210 1075 habere,
1231 1025 1303 1083 qui
1324 1025 1456 1068 hahet
1474 1033 1601 1082 super
1617 1024 1759 1067 omnia

393 1098 676 1157 potestatem?
697 1098 808 1141 Audi
829 1099 932 1156 quid
952 1097 1111 1155 justitia
1132 1097 1245 1139 dicat
1271 1111 1281 1140 :
1304 1115 1318 1136 α
1334 1096 1427 1140 Non
1447 1111 1621 1155 possum
1643 1110 1665 1139 a
1690 1110 1760 1139 me

393 1169 562 1212 »facere
588 1169 834 1228 quidquam.
863 1168 1048 1212 iAudite
1069 1168 1172 1226 quid
1192 1168 1324 1226 judex
1342 1167 1552 1226 aequitatis
1572 1175 1756 1210 asserat:

406 1256 423 1279 α
437 1238 555 1282 Sicut
574 1240 699 1283 audio
711 1272 722 1290 ,
742 1249 784 1282 ot
800 1239 958 1297 judico,
981 1257 997 1279 n
1009 1239 1166 1282 Audite
1183 1239 1287 1296 quid
1306 1238 1438 1294 judex.
1455 1236 1688 1296 iniquitatis
1703 1238 1762 1281 lo-

392 1318 580 1367 quatur:
604 1327 620 1350 α
642 1310 900 1353 Potestatem
926 1310 1063 1353 habeo
1089 1308 1332 1352 dimittendi
1353 1317 1420 1358 te,
1444 1316 1488 1351 et
1508 1315 1763 1367 potestatem

395 1380 563 1423 »habeo
588 1381 864 1440 crucifigendi
885 1389 940 1424 te.
963 1382 1082 1425 »Tua
1099 1413 1109 1430 ,
1133 1381 1289 1430 Pilato,
1314 1395 1420 1424 voce
1436 1379 1760 1438 constringeris,

396 1459 466 1493 tua
501 1452 713 1494 damnaris
753 1443 973 1495 sententia.
1016 1452 1097 1494 Pro
1122 1454 1346 1510 'potestate
1383 1451 1534 1509 igitur,
1570 1465 1655 1501 nou
1685 1464 1763 1508 pro

395 1521 594 1578 aequitate
615 1521 952 1581 crucifigendum
971 1522 1202 1564 Dominum
1224 1521 1434 1564 tradidisti
1453 1537 1463 1564 ε
1482 1536 1560 1580 per
1578 1528 1766 1579 potesta-

398 1600 484 1634 tem
509 1593 721 1636 absolvisti
743 1595 952 1636 latronem
969 1627 980 1644 ,
1006 1602 1225 1636 auctorem
1251 1607 1350 1636 vero
1383 1593 1478 1636 vitae
1501 1583 1759 1636 interfecisti.

397 1662 482 1706 Sed
502 1679 580 1706 nec
602 1664 724 1707 istam
749 1680 768 1706 a
797 1673 836 1707 to
861 1665 1068 1714 habuisti,
1094 1679 1222 1722 quam
1246 1663 1405 1706 habore
1423 1671 1467 1707 te
1491 1661 1665 1714 asseris,
1686 1676 1767 1720 po·-

399 1741 608 1777 testatem.
639 1735 833 1793 Denique
855 1736 957 1778 dicit
978 1735 1056 1778 tibi
1079 1735 1286 1778 Dominus
1307 1735 1433 1778 Jesus
1453 1750 1462 1777 :
1490 1752 1506 1774 α
1524 1734 1616 1778 Non
1638 1733 1767 1776 habe—

401 1822 417 1844 »
430 1819 496 1845 res
513 1803 765 1862 potestatem
784 1807 982 1848 adversus
1000 1820 1069 1847 mo
1089 1807 1214 1848 ullam
1230 1839 1241 1855 ‚
1256 1806 1340 1847 'nisi
1362 1806 1458 1848 data
1478 1805 1555 1847 tibi
1572 1813 1681 1848 esset
1698 1805 1769 1847 de-

399 1893 415 1914 »
431 1884 557 1932 supet·
578 1874 606 1918 ³.
635 1894 651 1915 »
674 1875 780 1917 Mala
802 1883 984 1932 potestas
1013 1876 1142 1918 licere.
1165 1866 1282 1933 quod
1309 1891 1394 1918 non
1415 1876 1552 1919 liceat.
1578 1876 1767 1919 Potestas

401 1944 478 1987 ista
501 1945 775 1987 tenebrarum
797 1953 880 1995 est,‘
911 1961 1057 1989 verum
1081 1961 1168 1988 non
1191 1946 1356 1996 videre,
1381 1948 1455 1989 sed
1476 1961 1687 2005 spernere.

461 2013 669 2057 XXXIX.
709 2015 864 2058 Audite
903 2017 1004 2073 quid
1041 2032 1163 2059 verus
1201 2017 1334 2074 judex
1369 2018 1568 2075 loquatur
1591 2033 1600 2060 :
1627 2035 1643 2056 α
1674 2016 1769 2060 Non

370 2116 372 2118 ψ
402 2101 419 2125 1·
433 2099 576 2141 quaero
597 2086 858 2129 voluntatem
880 2103 1016 2130 meam
1031 2121 1042 2137 ‚
1069 2090 1142 2131 sod
1169 2089 1429 2131 voluntatem
1450 2088 1542 2144 ejus
1565 2086 1637 2145 qui
1657 2086 1768 2130 misit

403 2169 513 2197 nme.
547 2174 562 2194 u
585 2155 717 2207 Quasi
741 2157 868 2223 homo
890 2158 1103 2215 loquitur,
1129 2159 1247 2216 quasi
1267 2158 1397 2217 judex
1422 2159 1548 2201 docet
1568 2158 1769 2215 quoniam

401 2223 473 2281 qui
504 2224 691 2282 judicat,
726 2241 812 2269 non
837 2228 1044 2271 voluntati
1075 2244 1160 2271 suae
1193 2230 1490 2288 obtemperare
1521 2229 1674 2282 debet,
1696 2229 1772 2271 sed

403 2303 546 2339 tenere
564 2299 679 2354 quod
698 2299 839 2356 legum
857 2308 932 2342 est.
957 2299 1176 2343 Constitue
1197 2301 1388 2358 judicem
1409 2303 1462 2343 de
1484 2300 1570 2344 hoc
1586 2300 1740 2343 saeculo
1758 2316 1768 2343 :

403 2368 613 2424 numquid
637 2376 776 2428 potest
809 2371 1030 2413 advorsum
1059 2371 1284 2429 imperialis
1312 2372 1494 2415 formam
1514 2372 1659 2415 venire
1687 2385 1772 2414 res-

402 2437 525 2495 cripti
541 2437 559 2479 P
575 2439 791 2497 Numquid
812 2449 949 2498 potest
964 2456 1155 2484 normam
1178 2451 1362 2500 augustat
1381 2442 1637 2486 definitionis
1654 2456 1772 2485 exce-

404 2507 534 2549 det-oi)
557 2508 727 2559 Quanto
750 2511 881 2567 magis
907 2511 1035 2553 divini
1053 2511 1232 2554 formam
1250 2513 1455 2555 debemus
1479 2527 1643 2556 servare
1663 2511 1773 2570 judi-

401 2576 487 2618 cii?
507 2576 697 2620 Christus
715 2579 817 2621 dicit
838 2595 880 2621 z«
899 2581 991 2623 Non
1010 2596 1152 2637 quaero
1177 2583 1436 2625 voluntatem
1459 2590 1599 2625 meam
1613 2613 1623 2630 ‚
1649 2576 1669 2621 ι)ι
1688 2581 1772 2623 hoc

403 2653 492 2695 est,
521 2647 728 2698 hominis,
758 2664 850 2706 quoe
872 2652 937 2694 vel
958 2651 1054 2693 odio
1077 2652 1271 2710 dirigitur
1286 2685 1297 2702 ,
1330 2654 1397 2696 vel
1423 2652 1563 2696 studio
1584 2649 1773 2694 intendi-

449 2745 458 2759 1
480 2736 579 2770 Joau.
603 2749 633 2779 v,
652 2741 703 2773 30.
722 2759 763 2765 —-
782 2742 868 2777 ¹1d.
887 2753 956 2781 xix,
975 2752 1024 2776 ιο.
1039 2760 1079 2767 —-
1097 2742 1216 2776 ³1hid.
1244 2753 1293 2777 ιι.
