1800 3236
359 289 418 335 36
910 295 944 325 s.
983 289 1173 323 Atianosn

418 379 562 426 XXX.
597 377 698 421 Ideo
720 432 722 434 Ι
740 373 858 433 quasi
897 374 1074 417 edoctus
1108 368 1320 428 Propheta
1357 365 1538 426 justitias
1575 355 1723 424 quinto

359 467 484 497 versu
501 449 602 493 dicit
622 463 631 490 :
649 465 665 487 «
687 447 735 489 In
752 444 874 488 labiis
895 443 1000 486 meis
1015 439 1288 501 pronuntiavi
1305 437 1446 482 omnia
1465 436 1624 496 judicia
1640 435 1724 480 oris

359 543 377 566 »
392 522 492 567 tui¹.
515 521 596 563 »Et
620 517 834 577 quomodo
852 515 950 559 alibi
968 514 1097 557 dicit:
1115 530 1130 552 ι(
1146 512 1171 556 J
1175 510 1315 555 udicia
1328 519 1399 562 tua
1417 509 1528 553 sicut
1548 509 1724 567 abyssus

362 612 380 636 »
392 594 524 637 multa
540 590 584 632 ²?
602 609 617 631 »
632 586 859 642 Quomodo
873 585 1103 646 Apostolus
1122 584 1201 627 ait:
1219 601 1235 623 «
1257 583 1295 626 O
1314 581 1490 625 altitudo
1511 578 1725 639 sapientiae

296 713 298 715 ,
360 682 377 705 »
391 671 433 706 et
453 660 637 706 scientim
656 659 761 709 Dei,
787 673 914 716 quam
936 655 1225 699 inscrutabilia
1243 661 1342 698 sunt
1360 651 1520 712 judicia
1543 650 1659 709 ejus,
1683 657 1728 693 et

359 730 745 789 »ininvestigabiles
775 728 852 772 viae
879 727 972 786 ejus
996 728 1005 768 l
1041 725 1146 779 Quis
1177 725 1291 769 enim
1328 721 1535 783 cognovit
1554 734 1726 765 sensum

358 801 561 846 »Domini
578 800 590 822 ³
610 800 660 842 Ρ»
678 799 722 842 Si
748 796 1035 842 inscrutabilia
1056 805 1155 840 sunt
1173 795 1332 855 judicia
1347 828 1359 845 ,
1384 793 1600 852 quomodo
1623 801 1728 850 ergo
1787 792 1800 826 T

358 871 548 931 judicia?
571 871 785 929 quomodo
813 887 829 909 α
846 869 1000 913 Omnia
1022 867 1308 928 pronuntiavi,
1334 865 1391 909 ait
1405 864 1638 924 Propheta,
1660 862 1727 922 ju-

356 962 375 986 »
390 943 499 986 dicia
515 942 598 985 oris
616 941 708 985 tui?
724 940 839 984 »Sed
854 937 1030 987 fortasse
1052 955 1138 983 non
1158 940 1308 983 eadem
1329 945 1429 981 sunt
1447 936 1608 995 judicia
1622 933 1724 985 Dei,

357 1031 451 1075 quae
466 1013 625 1073 judicia
648 1013 731 1055 oris
750 1011 855 1070 ejus.
882 1011 927 1055 Si
944 1012 1024 1055 alia
1044 1020 1163 1062 sunt,
1182 1012 1294 1054 bene
1316 1009 1475 1053 dicitur
1492 1024 1502 1051 :
1520 1026 1536 1048 «
1555 1007 1703 1066 Cogita
1717 1030 1728 1039 ·

357 1086 574 1130 »tionibus
603 1084 686 1127 tuis
718 1083 811 1142 quis
832 1083 982 1126 similis
1003 1082 1084 1126 erit
1102 1082 1115 1104 ‘⁸
1136 1082 1154 1125 Ρ
1183 1101 1199 1123 »
1223 1081 1278 1124 Et
1307 1081 1403 1124 ideo
1438 1079 1727 1124 inscrutabilia

359 1165 459 1201 sunt
478 1155 639 1213 judicia
659 1154 776 1212 cjus3
801 1154 899 1211 quia
920 1169 971 1196 ex
990 1162 1112 1212 parte
1135 1152 1451 1214 cognoscimus,
1469 1160 1512 1195 et
1534 1167 1587 1195 ex
1606 1158 1728 1210 parte

356 1227 673 1287 prophetamus.
698 1224 743 1268 Si
760 1233 902 1267 autem
919 1226 1061 1268 nullus
1076 1225 1156 1268 nisi
1181 1224 1373 1267 Christus
1393 1224 1477 1268 hoc
1499 1223 1602 1267 dicit
1616 1256 1628 1274 ,
1655 1221 1727 1282 qui

355 1305 498 1358 potest
519 1297 662 1339 dicere
683 1311 692 1336 :
710 1313 727 1335 (ι
746 1295 834 1353 Ego
858 1303 900 1338 et
920 1295 1046 1339 Pater
1060 1311 1195 1339 unum
1212 1295 1402 1339 sumus⁵.
1425 1314 1442 1337 ιι

413 1369 578 1415 XXXI.
601 1367 918 1425 Distinguamus
931 1367 1190 1419 tamemnec
1202 1383 1426 1411 vereamur
1441 1383 1496 1412 ne
1507 1367 1729 1426 impugnet
1790 1408 1794 1413 .

356 1455 402 1486 se
429 1441 546 1485 velut
583 1438 806 1481 contrariis
846 1437 1064 1497 Scriptura
1098 1439 1362 1484 venerabilis.
1400 1438 1728 1482 Consideremus

355 1512 470 1556 enim
487 1510 585 1569 quia
600 1525 686 1553 non
701 1509 830 1552 dixit:
850 1509 876 1552 J
880 1511 1019 1553 udicia
1038 1511 1122 1554 oris
1139 1511 1231 1570 ejus
1251 1510 1360 1554 sieut
1376 1511 1552 1570 abyssus
1567 1511 1700 1554 multa
1713 1515 1736 1553 :'

357 1584 448 1633 sed,
478 1600 494 1622 (t
510 1581 535 1624 J
540 1580 679 1624 udicia
707 1588 778 1623 tua
797 1579 900 1622 dixit
912 1597 925 1631 3
945 1599 960 1621 n
974 1596 1052 1624 nec
1076 1581 1304 1640 Apostolus
1322 1581 1463 1639 posuit
1481 1595 1492 1624 ε
1518 1581 1730 1624 Inscruta-

354 1653 456 1698 bilia
466 1652 626 1710 judicia
643 1650 727 1693 oris
743 1650 835 1708 ejus
851 1666 861 1693 :
875 1653 964 1701 sed,
980 1653 1302 1713 «inscrutabilia
1315 1651 1477 1710 judicia
1489 1651 1620 1710 ejus.»
1631 1652 1734 1696 Pos-‘

354 1729 501 1767 sumus
525 1721 638 1764 enim
660 1720 819 1778 judicia
835 1721 913 1763 Dei
935 1722 1168 1774 aestimare,
1193 1738 1286 1781 quae
1308 1724 1476 1766 occulta
1498 1722 1621 1766 nobis
1641 1737 1728 1766 non

351 1793 627 1855 patefecerit:
650 1791 809 1850 judicia
834 1802 976 1836 autem
998 1794 1081 1838 oris
1099 1795 1207 1853 ejus,
1228 1810 1320 1853 quae
1338 1794 1666 1845 annuntiaverit,
1685 1802 1730 1839 et

354 1881 434 1925 per
462 1881 508 1908 os
539 1863 851 1922 Prophetarum
883 1865 1053 1908 locutus
1079 1874 1155 1909 est.
1185 1866 1244 1909 Os
1271 1866 1385 1909 enim
1409 1856 1486 1910 Dei
1517 1865 1728 1924 Propheta

352 1935 621 1993 intelligitur,
644 1933 713 1976 cui
738 1934 893 1977 dicitur
915 1950 925 1977 :
956 1953 972 1975 (ι
991 1935 1135 1979 Clama
1155 1953 1168 1987 ;
1187 1955 1203 1978 »
1217 1946 1261 1980 et
1281 1937 1350 1980 ille
1372 1937 1429 1980 ait
1448 1951 1458 1980 ε
1476 1954 1492 1977 α
1509 1937 1626 1990 Quid
1646 1938 1729 1981 cla-

350 2007 510 2050 »mabo
526 2005 638 2048 9»Et
659 2005 910 2064 inspiratum
933 2015 996 2050 est
1018 2016 1066 2050 ut
1091 2008 1252 2052 diceret
1271 2024 1280 2051 :
1315 2026 1331 2048 α
1352 2008 1503 2052 Omnis
1527 2023 1626 2052 caro
1648 2008 1731 2052 foe-

355 2093 491 2122 »num
507 2076 537 2121 ⁶.
565 2096 581 2118 »
605 2077 734 2129 Quod
763 2077 909 2136 utique
939 2079 1131 2130 locutus,
1157 2081 1241 2123 oris
1267 2080 1346 2124 Dei
1378 2080 1551 2124 functus
1585 2079 1728 2124 officio

355 2157 442 2199 est,
472 2147 568 2206 quia
588 2148 757 2191 locutus
784 2157 848 2191 est
865 2148 1075 2206 judicium
1104 2151 1194 2194 Dei.
1226 2151 1338 2210 Ergo
1358 2152 1608 2211 prophetica
1630 2166 1729 2195 ora-

353 2222 451 2265 cula
471 2219 558 2278 jam
580 2235 666 2262 non
686 2219 795 2263 sicut
822 2221 996 2279 abyssus
1011 2254 1022 2272 ,
1043 2223 1117 2265 sed
1138 2222 1265 2266 etiam
1292 2223 1379 2281 ipsa
1401 2232 1501 2268 sunt
1524 2224 1699 2282 abyssus
1711 2239 1725 2272 ;

355 2292 452 2350 quia
473 2305 599 2334 nemo
620 2290 757 2349 potuit
779 2290 820 2334 in
845 2293 970 2343 coelo,
989 2294 1056 2336 vel
1076 2293 1119 2335 in
1135 2301 1248 2336 terra
1271 2292 1435 2352 aperire
1454 2295 1630 2345 librum,
1647 2292 1728 2338 nisi

355 2363 561 2408 Christus.
588 2362 817 2407 Veniamus
838 2379 954 2408 nunc
977 2365 1029 2407 ad
1049 2373 1214 2408 sextum
1238 2379 1419 2409 versum.
1632 2372 1636 2376 '

409 2433 596 2477 XXXII.
646 2450 663 2472 α
678 2433 727 2475 In
742 2433 823 2483 via,
847 2434 999 2492 inquit,
1025 2435 1369 2480 testimoniorum
1391 2445 1564 2480 tuorum
1581 2437 1728 2481 delec-

349 2513 492 2549 »tatus
514 2519 608 2548 sum
622 2536 634 2554 ,
654 2503 764 2547 sicut
782 2504 825 2548 in
849 2505 1046 2549 omnibus
1069 2507 1222 2551 divitiis
1241 2507 1272 2552 ⁷.
1295 2529 1312 2549 n
1336 2508 1419 2552 Alii
1439 2509 1484 2553 in
1507 2523 1634 2560 auro,
1658 2508 1736 2561 alii

396 2615 407 2632 ⁸
435 2606 524 2641 Psal.
553 2617 667 2643 cxvm,
696 2606 745 2640 13.
772 2625 814 2633 —
840 2617 853 2633 ¹
878 2609 932 2641 Id.
961 2619 1055 2643 xxxv.
1075 2621 1109 2653 7.
1132 2628 1173 2635 -
1189 2612 1203 2635 ³
1219 2611 1315 2645 Rom.
1336 2612 1453 2653 xi,33,
1468 2612 1523 2652 54.
1544 2629 1587 2639 -—
1610 2614 1625 2641 ⁴
1640 2610 1727 2659 Psal·

349 2671 463 2702 xxxix,
479 2661 564 2697 6.-
581 2663 597 2702 i
615 2661 714 2696 Joan.
734 2672 770 2703 x,
786 2662 840 2698 50.
860 2681 901 2689 —
917 2664 932 2687 ⁶
946 2664 1022 2699 lsai.
1044 2675 1093 2704 xm,
1106 2665 1137 2699 6.
1155 2682 1196 2692 —·-
1212 2673 1224 2698 7
1243 2667 1327 2703 Psal.
1340 2677 1457 2709 cxviii,
1480 2667 1532 2708 ¹4·
