1800 3236
371 323 452 369 132
919 338 952 366 s.
990 338 1182 368 aunnosu

368 415 496 473 regali
518 415 680 458 honore
702 416 904 463 donatus,
934 415 1170 458 senioribus
1193 411 1393 460 fratribus
1418 413 1624 459 antelatus
1648 412 1700 458 sit
1721 430 1730 457 ε

368 488 482 544 quod
510 486 619 529 Elias
644 494 818 546 propter
846 487 984 528 zelum
1007 487 1108 536 Dei,
1140 503 1272 531 curru
1291 490 1478 545 elevatus
1501 487 1543 530 in
1569 490 1732 538 aerem,

366 556 545 600 coelestis
565 557 674 599 sedis
697 556 927 614 hospitium
949 557 1047 599 novi
1069 558 1235 615 generis
1259 557 1503 620 acquisierit
1522 557 1729 602 incolatu-

426 627 539 671 XVI.
577 628 677 669 Haec
699 627 770 684 qui
794 626 910 669 novit
933 635 1125 670 retexere
1139 661 1149 678 ‚
1178 629 1311 674 habet
1328 630 1443 673 unde
1459 627 1636 687 gratiam
1651 643 1736 672 suae

367 698 668 740 consolationis
697 697 916 754 acquirat:
948 706 991 741 et
1022 707 1192 750 contra3
1232 701 1329 758 quia
1354 699 1514 759 judicia
1535 698 1612 742 Dei
1637 713 1736 742 vera

368 777 489 816 sunt;
509 767 619 810 sicut
639 767 771 810 habes
788 783 797 810 :
814 767 1013 811 «Judieia
1034 768 1113 811 Dei
1135 785 1259 821 vera,
1273 769 1503 829 justificata
1522 770 1566 814 in
1588 778 1735 813 semet-

369 839 508 896 »ipsa,
533 836 826 880 desiderabilia
849 853 977 895 super
1014 854 1164 882 aurum
1196 849 1239 884 et
1269 841 1453 899 lapidem
1474 833 1705 900 pretiosum
1721 873 1732 890 ‚

369 928 385 950 »
399 919 442 952 et
458 909 647 952 dulciora
669 925 795 967 super
809 910 895 952 mel
912 918 955 953 et
977 909 1143 960 savum3
1168 912 1327 955 etenim
1348 927 1494 956 servus
1517 920 1615 956 tuus
1637 920 1759 956 eus-'

367 1000 385 1022 »
401 981 507 1024 todit
519 980 590 1023 ea¹
598 1012 607 1023 .
629 1001 644 1020 n
660 980 923 1025 Custodienti
945 981 1071 1040 igitur
1092 982 1232 1026 dulcia
1253 992 1352 1027 sunt
1386 984 1526 1028 divina
1547 976 1735 1065 judicia.

368 1051 596 1110 negligenti
618 1059 761 1094 autem
777 1067 825 1094 ea
850 1066 992 1095 amara
1006 1068 1096 1095 esse
1113 1069 1199 1097 non
1228 1055 1407 1098 dubium
1430 1063 1517 1105 est3
1543 1042 1676 1113 quia
1664 1056 1741 1098 ad—

369 1121 496 1164 vertit
511 1121 552 1163 in
563 1121 783 1180 opprobrii
800 1122 1066 1181 turpitudine
1083 1132 1360 1182 peccatorum
1373 1125 1643 1184 propositum
1660 1125 1741 1169 sibi

371 1193 522 1236 divinae
540 1201 739 1236 eventum
752 1209 843 1237 esse
864 1195 1098 1238 sententiae.
1123 1196 1209 1248 Qui
1231 1205 1371 1240 autem
1385 1198 1496 1241 bene
1516 1197 1600 1241 sibi
1621 1213 1742 1241 cons-

375 1264 466 1307 cius
487 1273 573 1313 est,
598 1280 685 1307 non
707 1265 906 1308 turbatur
933 1266 1107 1324 utique,
1135 1267 1280 1311 dicens
1307 1284 1351 1310 :«
1371 1268 1569 1313 Haeredes
1597 1283 1743 1312 sumus

373 1332 503 1383 »Dei
529 1334 771 1378 cohaeredes
805 1343 946 1379 autem
978 1337 1158 1387 Christi;
1189 1338 1222 1381 si
1246 1346 1389 1382 tamen
1411 1339 1741 1399 compatiamur,

375 1411 453 1446 »ut
474 1411 517 1446 et
533 1403 662 1447 simul
684 1404 1012 1462 glorificemur&
1032 1425 1047 1447 n

435 1473 573 1517 XVII.
610 1438 708 1517 SedD
715 1476 809 1533 quis
846 1485 1043 1520 nostrum
1065 1477 1337 1534 hujusmodi,
1360 1488 1408 1524 ut
1437 1494 1482 1524 se
1504 1480 1745 1524 divinorum

374 1543 634 1600 judiciorum
657 1545 765 1587 serie
787 1547 1064 1589 consoletur?
1083 1548 1425 1592 Terribiliasunt
1449 1546 1746 1608 peccatoribus

374 1613 504 1656 etiam
539 1614 725 1658 humana
759 1615 918 1673 judicia
933 1649 944 1666 ,
976 1608 1136 1674 quanto
1174 1619 1306 1677 magis
1345 1619 1502 1666 divina«
1526 1618 1748 1663 formidini

377 1683 507 1726 suut?
534 1683 729 1742 Denique
749 1694 797 1728 ut
820 1685 903 1729 hoc
925 1686 995 1729 illa
1017 1702 1110 1744 quae
1131 1702 1230 1730 vere
1250 1697 1407 1731 aeterna
1428 1697 1553 1739 sunt,
1571 1689 1750 1748 colliga-

378 1770 474 1797 mus
491 1757 684 1814 exemplo
701 1788 712 1806 ,
729 1756 920 1799 videmus
944 1756 987 1798 in
1004 1757 1086 1800 hoc
1109 1759 1264 1802 saeculo
1286 1747 1535 1803 innocentes
1555 1761 1673 1804 laeto's
1696 1762 1750 1804 ad

379 1825 589 1883 judicium
621 1824 844 1877 festinare,
877 1828 1015 1870 odisse
1051 1844 1216 1879 moras,
1257 1830 1519 1874 celeritatem
1552 1831 1749 1881 affectare

380 1895 528 1953 judieii
549 1912 558 1939 ε
584 1912 678 1941 reos
702 1906 843 1941 autem
869 1899 1063 1957 refugere
1090 1908 1132 1943 et
1165 1915 1344 1958 pavere,
1375 1900 1569 1952 differre,
1593 1903 1746 1954 vitare,

382 1965 642 2010 moestificari
665 1969 848 2026 denique
868 2002 879 2019 ,
913 1985 1013 2012 cum
1036 1970 1148 2013 diem
1181 1971 1333 2029 judicii
1358 1972 1569 2017 audierint
1598 1974 1751 2023 consti-

353 2070 361 2079 ,
383 2044 540 2079 tutum.
563 2038 718 2081 Beatus
741 2039 883 2097 itaque
901 2040 972 2083 ille
992 2040 1065 2097 qui
1087 2040 1192 2083 illud
1214 2042 1385 2085 coeleste
1406 2042 1613 2097 judicium
1629 2044 1750 2087 laetus

385 2114 593 2163 expectat.
631 2107 722 2151 Scit
754 2109 868 2152 enim
900 2110 979 2152 sibi
1014 2125 1193 2168 regnum
1226 2112 1461 2162 coelorum,
1490 2112 1749 2172 Angelorum

386 2177 669 2229 consortium,
695 2194 897 2223 coronam
913 2194 1082 2238 quoque
1100 2181 1312 2224 bonorum
1323 2182 1551 2259 repositam
1565 2198 1655 2227 esse
1665 2199 1752 2227 me-

386 2245 582 2290 ritorum.
829 2262 831 2265 ’

443 2315 599 2360 XVIII.
634 2317 960 2365 Consideremus
994 2337 1108 2364 nunc
1131 2324 1246 2379 quod
1267 2322 1319 2366 sit
1345 2323 1459 2372 aliud
1488 2324 1751 2383 propositum

385 2383 464 2427 viri
490 2387 622 2429 sancti
644 2420 654 2437 ‚
686 2397 728 2432 et
748 2405 800 2433 ex
821 2392 1093 2449 sequentibus
1123 2393 1395 2436 oestiinemus.
1423 2410 1440 2433 «
1467 2393 1752 2437 pusillanimi-

387 2471 404 2495 »
418 2461 477 2497 tas
492 2488 503 2506 ‚
526 2456 688 2514 inquit,
714 2459 896 2505 detinuit
916 2477 986 2504 me
1004 2477 1025 2504 a
1044 2463 1342 2521 peecatoribus
1360 2463 1752 2522 derelinquentibus

385 2524 573 2585 »Legem
596 2530 754 2573 tuam³.
777 2550 792 2572 n
807 2532 901 2575 Non
923 2541 987 2576 est
1003 2533 1084 2576 hoc
1109 2549 1341 2578 commuue
1353 2550 1453 2578 cum
1464 2536 1609 2579 multis
1622 2553 1634 2586 3
1653 2549 1752 2579 nam

383 2596 666 2652 plurimorum
687 2609 759 2651 est,
774 2603 1039 2654 contristari,
1072 2604 1105 2646 si
1141 2619 1268 2662 quam
1304 2606 1354 2647 ab
1379 2605 1518 2663 aliquo
1535 2605 1752 2664 patiantur

434 2694 443 2709 ¹
461 2687 543 2721 Psal.
560 2700 654 2729 xvut,
679 2704 727 2731 ιο,
750 2705 846 2728 11.--
865 2703 877 2718 ·
900 2697 992 2730 Rom.
1011 2706 1082 2736 νη,
1107 2707 1209 2740 17.-
1225 2699 1238 2721 ³
1253 2697 1339 2732 Psal.
1354 2706 1472 2739 cxviii,
1488 2698 1540 2731 53.
