1800 3236
379 318 431 360 16
924 324 956 355 s.
997 322 1188 356 Atinnosn

372 399 514 443 omnia
539 397 736 442 interiora
761 395 959 454 mysteria
977 428 987 445 ,
1011 395 1128 438 dedit
1148 394 1187 437 ei
1203 394 1367 443 claves,
1384 402 1433 438 ut
1454 395 1719 453 aperiretsib

370 471 588 527 thesauros
630 466 815 511 scientiae
854 473 1241 514 sacramentorum,
1273 465 1436 507 clausas
1471 473 1593 509 antea
1625 465 1737 509 fores

370 541 599 599 panderet,
624 543 902 596 cognosceret
917 534 1172 593 quiescentis
1193 534 1371 592 gratiam
1383 538 1398 585 ,“
1416 535 1607 579 defuncti
1622 551 1739 580 som—

368 625 494 664 num,
521 610 721 652 virtutem
742 606 1078 650 resurrectionis.

425 681 560 725 XVII.
599 681 647 722 In
669 680 740 722 illo
763 678 965 721 cubiculo
994 677 1176 734 justitias
1196 676 1368 720 Domini
1391 676 1496 720 Jesu
1518 684 1650 736 nupta
1671 693 1740 721 re-

365 751 486 809 perit.
511 751 615 802 Quae
647 757 746 792 sunt
777 749 856 791 issae
878 747 1082 806 justitiaeP
1105 748 1258 805 Utique
1285 756 1552 792 sacramenta
1586 748 1743 806 baptis-

370 822 519 872 matis,
558 821 667 863 sicut
705 819 904 878 legimus,
930 819 1028 877 quia
1048 830 1153 861 vcum
1179 818 1364 861 venienti
1398 819 1452 863 ad
1481 817 1742 877 baptismum

374 893 536 935 diceret
555 891 741 935 <Ioannes
768 907 812 934 :«
832 891 921 949 Ego
945 905 967 933 a
989 899 1031 933 te
1056 891 1192 933 debeo
1219 887 1442 947 baptizari,
1464 897 1508 931 et
1541 896 1588 932 tu
1625 889 1742 932 venis

371 981 387 1003 »
403 964 454 1005 ad
470 978 538 1005 me
551 996 562 1011 2
581 962 799 1020 respoudit
823 961 848 1004 J
853 976 947 1004 esus
973 978 982 1002 ε
1005 961 1104 1004 Sine
1122 959 1277 1009 modo;
1297 959 1357 1002 sic
1382 958 1497 1001 enim
1519 960 1644 1002 decet
1663 974 1742 1002 nos

374 1051 390 1074 »
405 1034 634 1092 adimplere
656 1048 826 1076 omnem
848 1032 1060 1090 justitiam
1077 1031 1110 1074 ¹.
1134 1051 1149 1071 »
1165 1032 1214 1073 In
1231 1031 1302 1073 illo
1322 1029 1522 1073 cubiculo
1536 1029 1744 1087 justifica-

373 1104 508 1146 tiones
544 1103 714 1146 Domini
754 1102 923 1153 didicit,
975 1102 1173 1160 cognovit
1212 1100 1436 1144 consilium
1477 1100 1555 1144 Dei
1579 1133 1590 1151 ,
1634 1100 1744 1144 sicut

369 1174 575 1231 scriptum
595 1181 659 1216 est
683 1189 692 1215 :
711 1190 727 1212 ι(
753 1172 864 1224 Quia
886 1173 1024 1214 omnis
1046 1173 1226 1230 populus
1245 1171 1443 1220 audiens,
1470 1179 1512 1213 et
1528 1169 1744 1228 publicani

373 1242 744 1300 »justificaverunt
766 1242 904 1285 Deum
927 1241 1127 1299 baptizati
1155 1240 1365 1299 baptismo
1398 1239 1576 1283 Joannis
1602 1256 1612 1282 ε
1640 1241 1745 1284 Pha-

328 1345 331 1347 .
373 1331 389 1353 »
403 1313 510 1356 risaei
528 1321 670 1355 autem
684 1320 725 1354 et
740 1311 967 1369 legisperiti
991 1311 1216 1354 consilium
1237 1311 1316 1354 Dei
1340 1319 1591 1369 spreverunt
1612 1310 1655 1354 in
1670 1327 1740 1362 se,

378 1401 394 1424 n
409 1398 494 1440 non
505 1383 706 1441 baptizati
724 1383 775 1426 ab
789 1398 839 1425 eo
855 1381 887 1424 ².
909 1401 926 1422 »
943 1382 1071 1434 Quod
1083 1382 1141 1425 illi
1153 1390 1417 1440 spreverunt,
1431 1389 1508 1425 nos
1521 1380 1740 1440 eligamus,

370 1462 413 1496 et
439 1468 666 1510 sequamur
689 1452 912 1496 consilium
942 1453 1043 1502 Dei,
1078 1467 1162 1509 quo
1188 1452 1295 1494 nihil
1321 1460 1463 1510 potest
1487 1466 1578 1494 esse
1608 1451 1742 1494 subli-

366 1524 499 1572 mius3
525 1523 607 1565 hoc
641 1523 754 1565 enim
785 1522 1000 1571 divinum,
1039 1537 1123 1579 quo
1155 1521 1205 1564 fit·
1233 1521 1425 1565 remissio
1446 1529 1734 1579 peccatorum.

371 1594 480 1636 Cum
503 1593 699 1637 didicerit
735 1594 878 1651 itaque
901 1593 1084 1651 justitias
1106 1593 1305 1642 Domini,
1332 1593 1445 1636 Deus
1472 1593 1624 1636 timens
1654 1608 1740 1637 non

367 1663 666 1706 confundetur.
708 1663 902 1720 Denique
942 1671 985 1705 et
1025 1663 1178 1705 Paulus
1222 1662 1279 1705 ait
1316 1680 1324 1705 ·.
1350 1678 1372 1703 ἰ(
1399 1664 1448 1706 In
1479 1665 1598 1711 nullo
1633 1678 1740 1707 con-

371 1732 554 1775 »fundar
575 1731 605 1774 ³.
628 1750 645 1772 ι)
714 1739 743 1776 J
933 1768 936 1771 Α
1708 1782 1711 1789 1

344 1799 347 1801 “
427 1801 583 1845 XVIII.
618 1802 671 1843 Et
696 1801 794 1858 qui'a
809 1800 962 1846 >nullus
984 1811 1123 1861 potest
1139 1802 1352 1861 perfectus
1373 1817 1463 1846 esse
1487 1803 1578 1847 sine
1596 1803 1738 1848 favore

369 1871 466 1920 Dei,
496 1879 772 1928 neque-tutus
791 1889 802 1922 ς
822 1870 921 1915 'ideo
944 1865 1093 1931 rogare
1114 1874 1265 1923 dehet,
1284 1888 1338 1915 ne
1351 1873 1520 1931 penitus
1542 1890 1641 1917 eum
1662 1877 1738 1919 do-

315 1940 318 1943 ’
367 1941 577 1998 relinquat
599 1941 725 1984 Deus.
745 1935 856 1996 'Nam
873 1958 998 2001 supra
1021 1943 1328 2001 rogavitDavid
1349 1959 1404 1987 ne
1419 1945 1737 2004 derelinquere-

370 2019 439 2053 tur
461 2011 604 2053 dicens
626 2011 675 2069 :]«
693 2011 754 2054 Ne
779 2013 1044 2070 derelinquas
1063 2028 1148 2063 me,
1165 2014 1354 2057 Domine
1368 2014 1482 2059 Deus
1504 2030 1625 2059 meus
1641 2017 1653 2039 ⁴
1671 2034 1684 2066 ς
1709 2037 1725 2059 ι»

369 2078 438 2124 hic
462 2081 517 2124 ait
538 2096 580 2122 :«
598 2081 658 2124 Ne
682 2082 947 2140 derelinquas
969 2098 1037 2126 me
1055 2099 1374 2142 usquequaque,
1398 2086 1509 2130 »hoc
1530 2096 1609 2138 est,
1629 2090 1735 2132 mul-

367 2159 470 2194 tum.
511 2151 646 2209 Supra
674 2152 783 2194 sorte
807 2153 925 2210 quasi
952 2155 1092 2196 adhuc
1121 2154 1419 2212 imperfectus,
1444 2165 1486 2199 et
1507 2156 1550 2200 in
1571 2159 1735 2216 magnis

364 2221 755 2280 perturbationibus
777 2223 936 2280 positus
953 2239 1007 2266 ne
1029 2223 1410 2281 derelinqueretur,
1434 2226 1641 2271 timebat:
1661 2228 1734 2271 hic

368 2299 508 2334 autem
533 2291 620 2348 jam
649 2291 797 2334 fortior
818 2308 903 2336 non
925 2294 1047 2337 timet
1073 2294 1307 2352 derelinqui
1338 2305 1386 2339 ut
1415 2304 1628 2348 temetum
1659 2300 1733 2341 sed

367 2368 486 2418 rogat
510 2376 562 2403 ne
583 2361 752 2419 ponitus
775 2363 1010 2420 derelinqui
1034 2371 1079 2406 ut
1104 2372 1319 2415 tentetur;
1344 2367 1418 2414 sed
1441 2375 1561 2425 rogat
1581 2383 1636 2410 ne
1655 2383 1733 2426 pe·

366 2431 479 2474 nitus
513 2430 842 2488 derelinquatur.
888 2434 1143 2490 Plerumque
1177 2435 1290 2477 enim
1331 2435 1584 2494 derelinquit
1617 2438 1730 2481 Deus

365 2516 470 2558 quos
488 2502 575 2544 vult
592 2502 762 2560 probari
783 2518 792 2544 :
813 2503 981 2561 penitus
998 2512 1139 2547 autern
1157 2506 1409 2563 derelinquit
1430 2522 1535 2564 quos
1557 2509 1722 2552 deserit.

412 2613 420 2627 ⁸
440 2604 560 2637 Matth.
577 2615 627 2647 ιιι,
652 2604 701 2647 14,
722 2606 773 2643 15.
788 2624 827 2655 -ι
849 2617 860 2632 ²
877 2606 955 2643 Luc.
975 2617 1037 2650 vn,
1055 2618 1105 2650 29,
1122 2607 1174 2643 30.
1194 2625 1233 2634 --
1252 2610 1265 2636 ³
1291 2609 1409 2654 Philip.
1433 2620 1458 2651 ι,
1475 2621 1527 2646 20.
1556 2629 1597 2638 -·
1611 2613 1626 2642 4
1642 2612 1726 2648 Psal.

363 2667 492 2699 xxxvii,
509 2667 563 2691 υ.
