1800 3236
505 319 723 357 nnosmo,
752 320 797 355 ιι
827 320 1014 355 naamon
1046 324 1189 355 cxvm.
1437 314 1523 376 3⁰7
1548 345 1554 355 x

168 395 343 456 §nomn
360 407 453 459 ottx
478 400 647 455 dextera
670 409 810 449 autem
829 402 1039 461 superiorss,
1063 407 1146 461 qua
1160 412 1294 449 totam
1316 409 1527 466 complec-

168 468 273 519 titur
301 467 522 528 Sponsam.
551 471 700 528 ltaque
718 470 788 517 illa
809 471 929 530 quasi
957 471 1143 519 fulcrum
1164 481 1230 519 est
1248 475 1400 532 quietis
1416 483 1527 534 'prae-

167 539 322 590 sentis,
351 555 437 598 qno
464 542 602 588 anima
631 535 772 587 innix'a
805 543 1046 601 requiescit.
1082 545 1222 588 Habet
1250 546 1325 596 ubi
1351 548 1530 591 reclinet

166 618 296 668 caput
306 625 429 668 snum
447 627 461 661 3
482 611 580 669 qnia
592 613 699 656 laeva'
716 613 932 671 sapientiae
952 622 1053 657 sunt
1070 615 1225 659 divitiae
1239 623 1283 659 et
1295 616 1442 675 gloria.
1458 619 1529 661 Ad

165 687 331 738 tempus
351 680 443 727 haec
464 682 735 732 demulcent,
758 691 802 729 et
830 699 883 727 ex
903 693 1024 743 parte
1048 685 1199 729 solatio
1217 694 1331 730 sunt.
1354 686 1410 730 Et
1429 687 1527 736 ideo

175 768 194 799 ι
209 750 343 803 Filius
356 751 541 796 hominis
562 767 649 797 non
669 753 855 799 habebat
874 754 949 797 ubi
965 763 1094 813 caput
1108 771 1234 800 suum
1249 756 1496 801 reclinarot¹
1511 773 1524 806 ;

162 822 293 880 »qnia
318 837 418 869 cum
438 823 555 869 dives
573 834 708 874 esset,
732 839 895 883 paupet
910 825 1048 870 factus
1069 826 1160 871 est²
1178 842 1190 870 z
1209 846 1227 868 ι
1248 843 1329 871 nec
1347 828 1525 886 gloriam

162 893 351 951 aliquam
375 894 495 941 istius
519 895 662 939 saeculi
683 895 951 953 requirebam
967 896 1074 954 'quia
1098 906 1271 941 venerat
1301 913 1391 942 non
1409 907 1459 945 ut
1479 899 1523 942 iu

161 964 382 1022 portione,
406 966 481 1011 sed
503 975 550 1009 ut
577 965 774 1012 universo
797 966 988 1012 hnmano
1018 968 1165 1025 generi
1189 969 1434 1013 subveniret
1460 970 1527 1013 di-

162 1049 264 1085 cens
282 1052 292 1076 ι
308 1052 326 1075 ι
347 1034 451 1079 Mihi
474 1035 726 1086 irascimini,
751 1036 848 1094 quia
870 1044 1008 1080 totum
1028 1037 1250 1082 hominem
1273 1054 1424 1082 sanum
1442 1039 1526 1082 feci

161 1103 237 1157 gin
252 1105 428 1155 sabbato
445 1105 458 1128 ³
480 1122 495 1156 ;
517 1125 534 1146 ι
547 1106 631 1153 hoc
649 1114 737 1156 est,
762 1114 899 1150 totum
911 1139 925 1157 ,
948 1122 1035 1150 non
1050 1115 1099 1151 ut
1118 1108 1367 1152 facultatum
1394 1110 1529 1153 colla-

162 1175 278 1221 tione
298 1176 473 1226 ditaret,
496 1191 584 1222 non
610 1185 659 1220 ut
682 1176 895 1222 honorum
918 1177 1176 1235 insignibus,
1201 1193 1288 1221 non
1308 1186 1358 1222 ut
1383 1179 1526 1237 gloriae

162 1246 374 1297 saecularis
410 1248 650 1292 cumularet
685 1255 913 1310 augmento
932 1264 945 1296 ς
975 1247 1068 1291 haec
1095 1249 1210 1292 enim
1242 1265 1330 1292 non
1365 1250 1528 1293 habent

159 1315 432 1368 beatitudinis
446 1325 491 1361 ot
505 1317 647 1375 gratiae
666 1317 999 1375 plenitudinem:
1018 1320 1094 1361 sed
1113 1326 1251 1364 totum
1271 1319 1355 1363 hoc
1370 1329 1459 1370 est3
1478 1330 1528 1369 ut

159 1388 469 1447 longitudinem
504 1388 600 1433 vitae
625 1389 981 1446 complecteretur
1013 1396 1191 1432 aeternae.
1232 1389 1380 1448 Neque
1412 1391 1528 1434 enim

160 1459 402 1508 communis
419 1458 516 1506 vitae
540 1458 687 1503 similis
705 1459 790 1505 vita
814 1458 859 1502 in
891 1459 1063 1502 dextera
1090 1468 1155 1503 est
1184 1460 1426 1518 sapientiae:
1449 1463 1524 1505 sed

33 1516 36 1519 .
100 1530 103 1532 ’
159 1531 379 1588 longitudo
406 1530 503 1573 vitae
524 1538 615 1579 cstz
640 1537 687 1572 ut
711 1529 785 1586 qui
805 1529 962 1586 accipit
982 1530 1112 1574 vitam
1135 1546 1160 1573 a
1188 1530 1415 1587 sapientia,
1438 1546 1526 1574 non

161 1601 434 1660 exiguitatem
448 1601 568 1651 vitae,
586 1602 662 1644 sed
681 1600 1010 1660 perpetuitatem
1021 1633 1035 1651 ,
1054 1609 1098 1644 et
1120 1601 1368 1645 aetemitatis
1386 1602 1525 1661 longi-

160 1672 353 1719 tudinem
374 1672 645 1730 adipiscatur.

218 1742 420 1788 XXXIV.
454 1743 600 1787 Bonus
630 1741 810 1784 amictus
838 1740 1052 1784 aeternitas
1087 1741 1194 1784 vitae.
1227 1742 1318 1785 Hoc
1347 1742 1524 1801 pallium

161 1811 335 1872 Sponsae
353 1814 550 1857 custodes
564 1826 787 1856 murorum
805 1812 1032 1854 voluerunt
1047 1811 1212 1855 auferre
1225 1845 1237 1862 ,
1255 1828 1342 1871 quo
1360 1813 1522 1872 primus

159 1885 290 1941 homo
313 1885 451 1930 fuerat
469 1894 621 1928 exutus
640 1899 651 1927 :
673 1885 751 1928 sed
770 1884 910 1929 anima
927 1883 1020 1927 Deo
1040 1885 1191 1926 devota
1209 1885 1431 1941 quaesitum
1449 1886 1523 1928 diu

160 1958 371 2006 tenendo,
397 1964 441 2000 et
465 1971 552 1999 non
574 1955 829 2012 dimittendo
850 1954 1076 2002 dilectum,
1096 1954 1282 2012 pretioso
1305 1954 1522 1998 charitatis

1 2007 32 2060 ³⁷·
102 2056 106 2060 »
160 2027 311 2072 divinae
327 2042 373 2071 se
386 2026 555 2070 vestivit
570 2026 802 2068 involucro.
823 2024 943 2068 Beati
965 2023 1092 2081 igitur
1111 2023 1184 2081 qui
1202 2024 1277 2066 tali
1290 2025 1419 2083 pallio
1435 2041 1523 2068 ves—

154 2097 342 2147 tiuntur,
363 2107 408 2141 et
421 2097 624 2140 amictum
639 2095 903 2153 hujusmodi,
925 2094 1030 2152 legis
1045 2094 1339 2138 observatione
1358 2110 1522 2138 merue-

160 2175 286 2217 mnu
299 2168 492 2225 quianon
507 2174 606 2210 sunt
619 2166 724 2225 legis
737 2165 882 2209 obliti:
899 2165 974 2207 sed
989 2179 1082 2222 quoe
1093 2173 1213 2209 erant
1223 2164 1343 2223 legis,
1360 2166 1523 2223 operati

153 2248 273 2285 sunt.
293 2239 399 2284 Nam
415 2239 488 2296 qui
506 2246 659 2296 praetcr
678 2239 816 2296 legem
831 2236 932 2294 agit,
949 2235 1052 2293 legis
1070 2235 1227 2279 oblitus
1242 2245 1319 2279 est.
1350 2237 1403 2279 Et
1424 2236 1520 2279 ideo

160 2311 255 2355 haec
279 2311 419 2354 anima
441 2310 623 2353 candida
647 2308 836 2352 ascendit
858 2323 882 2350 e
907 2307 1031 2349 'terris
1045 2323 1058 2355 ;
1082 2306 1179 2363 quia
1211 2307 1345 2364 fulget
1370 2307 1523 2352 amicta

160 2389 277 2425 veste
297 2380 542 2439 sapientiae:
565 2388 610 2422 et
631 2379 781 2422 dicunt
804 2379 857 2421 de
880 2393 929 2420 ea
951 2377 1128 2419 virtutes
1153 2376 1235 2419 illae
1261 2390 1355 2433 quae
1379 2384 1522 2434 portas

162 2452 259 2496 coeli
274 2451 532 2496 custodiunt.
559 2469 577 2493 ι
590 2451 698 2503 Quae
712 2459 777 2494 est
792 2464 886 2507 quae
903 2447 1095 2491 ascendit
1108 2446 1287 2490 candida
1303 2481 1315 2497 ‚
1337 2447 1521 2490 innitens

161 2538 319 2582 »super
336 2522 509 2567 fratrem
522 2521 671 2566 suum⁴
686 2523 705 2564 ?
720 2541 738 2563 ι
762 2521 872 2564 Cum
895 2534 945 2563 ea
966 2534 1060 2577 quae
1079 2518 1222 2577 posuit
1240 2526 1369 2577 caput
1393 2533 1521 2562 suum

209 2633 219 2648 ·
237 2625 361 2659 nauh.
382 2635 458 2665 vm,
477 2635 531 2660 20.
555 2642 597 2653 -
614 2634 628 2650 ⁸
645 2635 663 2658 2
677 2623 756 2659 Cor.
770 2619 893 2666 vium.
915 2640 957 2648 —
984 2622 999 2646 ³
1022 2619 1122 2654 Joan.
1143 2630 1192 2653 vu
1206 2642 1219 2660 ,
1248 2619 1301 2653 ²3.
1328 2637 1371 2644 —
1386 2622 1400 2648 ⁴
1417 2619 1518 2655 Cant.

162 2690 239 2724 vm,
255 2683 286 2714 5.

1301 2742 1370 2773 200
