1800 3236
383 288 465 331 192
933 286 966 314 s.
1005 285 1198 314 AMBROSII

375 368 463 413 titia
486 365 608 426 ejus?
630 366 709 409 Ubi
732 364 1048 408 misericordia?
1064 366 1176 407 Eece
1201 364 1298 422 quia
1319 364 1378 408 sie
1399 365 1628 408 mulctatus
1650 371 1740 414 esu

373 455 475 484 eece
497 438 594 497 quia
615 438 652 481 ei
676 437 918 481 innocentia
939 451 1012 479 sua
1033 437 1140 480 nihil
1162 436 1348 495 prodest.
1377 437 1564 495 Ideoque
1580 437 1633 480 ad
1651 436 1742 480 vitae

373 511 501 569 hujus
531 510 745 569 specimen
776 509 1084 552 extrahendum
1098 541 1109 558 ,
1140 517 1224 552 tres
1246 508 1305 552 illi
1327 517 1472 552 saneto
1495 508 1580 552 Job
1603 507 1742 567 specie

375 583 515 631 amici,
538 580 848 624 obtrectatione
870 589 1011 623 autem
1029 580 1206 630 inimici,
1227 581 1460 639 probitatis.
1477 588 1602 638 atque
1623 579 1742 638 justi—

375 653 442 696 tiae
469 653 560 711 ejus
587 651 738 702 invidi,
772 651 1075 710 exprobrantes
1104 651 1244 710 gravia
1276 652 1506 711 opprobria
1537 666 1743 710 congere-

373 727 498 775 bant;
535 734 577 768 et
609 725 680 782 qui
713 733 915 768 venerant
936 725 988 767 ad
1011 723 1320 767 consolandum
1338 757 1348 775 ,
1373 724 1575 768 insultare
1598 738 1741 782 coepe-

373 805 587 911 rmig-VIII.
627 865 712 909 Sed
735 838 872 923 justus
896 866 962 908 his
991 880 1075 908 non
1104 872 1313 914 movetur,
1341 864 1524 922 ideoque
1549 879 1629 908 nec
1654 863 1740 908 Job

370 939 655 997 frangebatur.
673 938 867 995 Denique
884 938 926 980 in
945 937 1240 980 amissionibus
1258 936 1444 980 filiorum
1462 938 1528 980 vel
1544 937 1741 996 patrimo·

306 1022 314 1026 “
370 1012 429 1055 nii
451 1011 619 1060 dicebat
638 1025 647 1051 ε
666 1027 681 1049 α
697 1009 903 1052 Dominus
925 1009 1057 1059 dedit,
1082 1008 1289 1051 Dominus
1308 1008 1555 1052 abstulit...
1580 1009 1635 1052 sit
1656 1023 1738 1051 no-
1794 1058 1797 1061 ¹

370 1102 386 1123 n
400 1098 499 1126 men
532 1081 703 1125 Domini
738 1080 1056 1124 benedictum².
1074 1081 1213 1138 »Ergo
1241 1089 1283 1122 et
1315 1079 1357 1122 in
1393 1079 1577 1123 adversis
1613 1079 1740 1138 positi

370 1154 559 1198 dicamus
579 1168 589 1195 t
607 1171 622 1193 «
637 1153 878 1196 Bonitatem
897 1151 1032 1195 fecisti
1057 1166 1155 1194 cum
1178 1167 1297 1195 servo
1320 1160 1406 1194 tuo.
1432 1169 1448 1193 ν
1462 1150 1606 1194 Potest
1624 1151 1739 1194 enim

369 1224 576 1268 Dominus
597 1224 640 1265 in
659 1222 811 1266 melius
837 1230 1004 1265 mutare
1031 1238 1123 1280 quae
1146 1222 1254 1265 faeta
1283 1231 1404 1272 sunt,
1430 1231 1477 1265 ut
1497 1221 1581 1265 Job
1604 1222 1739 1265 sancti

368 1296 575 1339 habemus
591 1293 879 1353 exemplum&
905 1303 948 1337 et
965 1309 1057 1351 quae
1074 1294 1223 1336 amissa
1241 1302 1354 1343 sunt,
1374 1294 1569 1337 reddere.
1596 1294 1739 1337 Potest

365 1367 457 1424 quis
480 1375 522 1408 et
543 1365 703 1408 amissis
730 1364 841 1413 filiis,
866 1380 1066 1423 generare
1086 1364 1297 1407 meliores.
1320 1363 1537 1422 Numquid
1553 1365 1644 1407 Deo
1671 1372 1737 1407 est

369 1436 538 1479 difficile
570 1436 747 1479 meliora
770 1435 958 1478 donare?
984 1436 1130 1478 Potest
1151 1434 1316 1478 etiamsi
1338 1426 1443 1476 nihil
1464 1435 1618 1483 donet,
1654 1433 1738 1477 hoe

367 1508 456 1566 ipso
480 1515 620 1550 tamen
645 1507 758 1564 justo
782 1521 872 1548 esse
893 1515 1186 1564 prospectum,
1211 1504 1245 1547 si
1265 1504 1372 1547 forte
1394 1503 1527 1547 futuri
1549 1504 1739 1562 improbi

365 1578 473 1635 rapti
500 1585 618 1626 sunt,
646 1592 699 1619 ne
721 1584 906 1619 mutaret
928 1575 1086 1619 malitia
1108 1590 1182 1617 cor
1204 1590 1365 1618 eorum.
1393 1573 1596 1617 Similiter
1620 1574 1737 1618 etde

364 1647 637 1706 patrimonio,
658 1647 776 1704 quasi
794 1662 879 1689 non
902 1647 1117 1690 videamus
1132 1646 1338 1704 plurimos
1357 1653 1650 1704 propterlopes
1667 1660 1738 1704 pa-

365 1718 579 1768 trimonii,
610 1717 653 1759 in
673 1717 910 1776 periculum
933 1717 1078 1760 salutis
1099 1733 1190 1760 esse
1213 1718 1419 1760 deductos
1435 1750 1447 1766 ‚
1471 1715 1663 1774 plurimis
1685 1731 1738 1760 ex

364 1789 606 1833 divitiarum
641 1788 899 1831 abundantia
928 1780 1064 1831 ortai'n
1087 1803 1178 1831 esse
1200 1787 1611 1846 causam'peceandi.
1650 1788 1736 1841 Qui

362 1860 477 1902 enim
499 1875 585 1902 non
607 1859 736 1902 habet
759 1860 874 1916 quod
898 1860 1050 1908 donet,
1077 1858 1230 1901 ascribi
1252 1859 1289 1901 ei
1311 1860 1437 1917 eulpa
1454 1861 1542 1901 non
1564 1865 1706 1916 potest
1721 1890 1735 1907 ,

362 1930 477 1989 quod
497 1945 582 1973 non
605 1930 824 1973 donaverit
846 1945 855 1972 ε
883 1930 955 1987 qui
978 1938 1120 1972 autem
1142 1929 1270 1972 habet
1288 1930 1403 1987 quod
1421 1930 1566 1978 donet,
1589 1937 1633 1972 et
1648 1943 1734 1972 non

362 2002 448 2052 dat,
469 2002 613 2059 utique
629 2001 837 2043 obnoxius
854 2016 944 2043 esse
966 2000 1114 2058 incipit
1131 2009 1321 2058 peccato.

418 2072 540 2116 XIX.
568 2073 766 2130 Sequitur
788 2088 796 2115 :
814 2091 830 2112 α
852 2072 1132 2130 Coagulatum
1150 2080 1214 2115 est
1233 2071 1344 2114 sicut
1358 2072 1424 2114 lae
1447 2085 1523 2114 eor
1545 2085 1695 2118 eorum
1713 2087 1735 2114 :2

358 2160 464 2203 »ego
479 2152 621 2186 autem
645 2145 781 2202 legem
805 2152 923 2187 tuam
947 2143 1220 2186 meditabar1.
1238 2162 1254 2184 »
1269 2143 1433 2186 Subtile
1459 2151 1725 2187 cor-sancto—

357 2230 453 2258 rum
478 2231 487 2258 ε
516 2217 786 2273 coagulatum
815 2223 878 2257 est
899 2229 999 2264 vero
1023 2229 1096 2256 cor
1118 2214 1416 2272 superborum.
1440 2214 1494 2256 Ut
1515 2212 1630 2256 enim
1656 2214 1722 2256 lac

354 2294 504 2328 natura
540 2286 604 2328 sui
641 2301 796 2344 purum
814 2319 824 2335 ,
860 2285 1122 2344 speciosum,
1151 2292 1276 2341 atque
1299 2284 1512 2326 'sincerum
1533 2291 1621 2331 est,
1648 2284 1722 2330 sed

354 2356 626 2414 eor-ruptione
645 2356 856 2399 coacescit
875 2371 884 2398 ε
910 2355 968 2398 sie
989 2354 1143 2398 mentis
1159 2362 1202 2397 et
1214 2355 1354 2398 cordis
1369 2346 1547 2397 humani
1568 2360 1719 2397 natura

351 2442 456 2485 pura
473 2459 484 2476 ,
504 2427 667 2470 sincera
682 2459 693 2475 ,
717 2427 940 2485 perspicua
965 2434 1028 2468 est
1049 2425 1167 2483 prius
1187 2440 1313 2482 quam
1336 2424 1532 2467 vitiorum
1554 2423 1718 2479 admix-

348 2497 463 2539 tione
481 2505 712 2540 coacescat.
742 2497 972 2555 Coagulato
1005 2495 1118 2538 enim
1141 2497 1278 2544 laete,
1315 2494 1363 2538 fit
1385 2496 1579 2552 quaedam
1610 2509 1715 2537 con-

350 2568 505 2617 cretio,
524 2584 602 2612 nec
625 2569 873 2613 suavitatem
894 2567 1055 2612 habens
1081 2568 1276 2610 eamdem
1293 2599 1304 2617 ‚
1331 2582 1410 2616 uec
1430 2566 1623 2625 gratiam.
1650 2566 1711 2610 Ita

390 2667 399 2683 ¹
421 2658 499 2692 Job.
523 2670 546 2713 ¹1
564 2671 616 2702 2¹·
634 2678 676 2686 -
692 2671 704 2686 ²
723 2661 874 2706 Idam,
900 2666 1103 2705 10‚ets‹²qq.
1122 2676 1156 2686 -··
1178 2662 1191 2685 ³
1211 2660 1291 2697 Psal.
1314 2670 1500 2703 cxv111‚7o.
