1800 3236
331 340 417 397 472
671 367 674 369 Α
887 347 920 376 s.
960 346 1153 376 ⁵unumsu

333 431 518 475 honores
539 427 668 471 etiam
686 427 844 470 delatos
861 424 940 469 sibi
957 433 1127 483 respuat
1140 456 1154 472 ‚
1172 424 1407 468 doctrinam
1423 415 1699 484 philosophiae

334 516 422 547 non
444 501 656 559 requirat;
679 498 843 542 etiamsi
860 506 956 541 ante
972 498 1194 556 cognovit,
1213 505 1356 540 tamen
1375 497 1483 540 scire
1504 496 1702 540 dissimu-

333 575 423 622 let·‚·
441 587 527 615 non
550 569 807 628 requirendo
829 568 1018 612 dediscat
1043 584 1053 612 :
1073 583 1159 611 non
1181 575 1341 626 quaerat
1360 583 1452 626 quae
1477 583 1551 611 sua
1578 575 1703 618 sunt,

337 642 413 685 sed
435 641 524 684 aliis
541 655 616 683 sua
639 640 830 683 conferat
844 672 854 688 ,
877 640 956 682 sibi
978 639 1170 697 acquirat
1188 647 1359 682 aeterna.
1387 637 1465 681 Hic
1483 645 1624 698 potest
1639 637 1708 681 dia

339 728 437 757 cere
449 745 460 762 ,
477 731 491 752 a
505 712 751 755 Secundum
767 711 945 754 verbum
965 719 1087 753 tuum
1102 710 1208 753 mihi
1223 710 1362 753 tribue
1374 709 1638 753 intellectum
1654 741 1666 758 ,
1679 727 1696 750 ι

340 784 387 832 id
407 791 470 826 est
483 815 494 833 ,
519 797 606 825 non
627 783 865 825 secundum
881 781 1156 841 philosophos
1169 814 1180 832 ,
1209 796 1296 824 non
1317 782 1553 824 secundum
1570 779 1711 824 causi-

341 855 494 904 dicos,v
512 869 598 897 non
620 853 858 897 secundum
888 860 1149 897 mercatores
1179 852 1309 910 hujus
1335 852 1506 902 saeculi,
1528 867 1615 896 non
1645 866 1712 895 se-

344 927 537 972 cundum
569 925 824 968 architectos
862 926 1088 968 domorum
1121 940 1131 967 ε
1150 925 1232 968 ‘sed
1267 925 1503 969 secundum
1537 923 1715 967 verbum

345 1006 469 1041 tuum
486 1029 498 1046 ,
519 995 635 1054 quod
651 1003 714 1038 est
739 1010 848 1038 verae
864 995 1078 1053 sapientiae
1098 995 1398 1054 bonorumque
1419 1009 1596 1054 operum
1617 993 1718 1037 fun-

348 1069 596 1112 damentum
608 1084 620 1117 ;
634 1075 683 1110 ut
694 1081 821 1125 super
831 1067 937 1110 illud
948 1067 1397 1126 constituatPropheta
1411 1081 1560 1111 aurum
1578 1065 1718 1110 cordis

342 1139 414 1182 -sui
426 1171 437 1188 ,
463 1146 686 1197 argentum
702 1137 907 1181 sermonis
928 1138 992 1180 sui
1005 1171 1016 1188 ,
1032 1137 1194 1197 lapides
1209 1139 1415 1197 pretiosos
1425 1137 1721 1198 operationum

352 1223 526 1251 suarum
547 1226 559 1257 ;
583 1216 631 1251 ut
653 1223 759 1266 opus
780 1223 904 1251 suum
923 1208 1008 1251 labi
1024 1217 1074 1252 et
1089 1209 1227 1267 perire
1248 1224 1333 1252 non
1354 1210 1500 1268 possit.

411 1279 508 1324 XII.
546 1279 748 1337 Sequitur
768 1294 912 1322 versus
930 1281 1143 1323 secundus
1168 1296 1178 1323 :
1196 1298 1212 1320 α
1234 1281 1366 1324 Intret
1382 1280 1610 1339 postulatio
1628 1295 1725 1324 mea

354 1366 530 1395 »coram
556 1359 598 1394 te
622 1367 632 1394 :
658 1352 896 1394 secundum
922 1352 1101 1394 verbum
1132 1340 1252 1396 tuum
1284 1352 1416 1396 libera
1442 1351 1553 1396 me'.
1584 1372 1601 1392 ι)
1620 1351 1728 1397 Vide

358 1422 570 1464 ordinem.
593 1421 783 1465 Primum
815 1422 918 1464 dixit
951 1437 961 1464 :
988 1440 1004 1461 «
1028 1422 1353 1482 Appropinquet
1385 1423 1518 1467 oratio
1550 1438 1645 1467 mea
1671 1439 1718 1465 z»

358 1501 506 1552 postea
530 1492 794 1535 intellectum
815 1493 1030 1551 poposcit,
1048 1511 1064 1533 α
1081 1493 1328 1537 Secundum
1345 1495 1524 1537 verbum
1544 1509 1554 1538 ε
1575 1512 1592 1534 »
1607 1494 1731 1538 tertio

363 1563 443 1611 ait,
460 1580 476 1602 α
500 1563 633 1605 Intret
648 1563 874 1621 postulatio
893 1579 987 1607 mea
1004 1579 1147 1607 coram
1165 1573 1220 1608 tc.
1245 1583 1261 1605 ν
1277 1565 1425 1608 Nonne
1441 1565 1627 1623 quodam
1643 1565 1734 1607 Do-

364 1633 507 1676 minus
542 1648 619 1676 nos
652 1634 801 1677 invitat
836 1650 913 1677 usu
928 1667 939 1684 ‚
973 1643 1015 1677 et
1052 1635 1266 1694 suscipere
1312 1636 1511 1694 dignatur
1550 1634 1734 1679 affectu?

365 1703 517 1748 Nonne
530 1719 628 1746 cum
646 1705 828 1761 aliquem
848 1706 900 1748 de
916 1705 1126 1764 primariis
1150 1707 1246 1749 'viris
1260 1707 1472 1750 desideras
1489 1706 1732 1756 convenire,

363 1774 554 1832 primum
581 1775 634 1816 ad
653 1773 746 1831 ejus
767 1776 951 1825 domum
969 1776 1283 1835 appropinquas
1302 1792 1312 1819 ε
1333 1784 1477 1834 postea
1495 1776 1646 1835 quaeris
1669 1776 1737 1819 in-
1782 1778 1785 1782 ’

365 1843 540 1886 formari
558 1851 684 1900 atque
700 1843 849 1886 instrui
864 1861 876 1893 ;
892 1852 938 1886 ut
950 1860 1181 1903 cognoscas
1197 1856 1386 1889 mentem
1398 1845 1708 1905 patrisfamilias
1724 1861 1734 1888 :

371 1913 526 1956 deinde
552 1921 598 1956 ut
619 1913 712 1971 ejus
739 1915 913 1957 domum
936 1915 1204 1973 ingrediaris,
1238 1917 1438 1975 imploras
1453 1933 1466 1965 ς
1497 1931 1551 1959 ne
1578 1915 1673 1974 quis
1697 1908 1739 1958 te

371 1983 544 2040 abjiciat
566 1991 609 2026 et
627 1984 855 2028 excludat?
877 1985 1000 2028 Pulsa
1017 2001 1117 2044 ergo
1144 1995 1186 2029 ct
1210 1995 1253 2030 tu
1269 1986 1428 2045 regiam
1451 1986 1565 2030 illam
1587 1986 1742 2029 coeles—

371 2062 459 2098 tem
485 2070 495 2097 :
521 2056 640 2114 pulsa
661 2071 746 2098 non
769 2071 898 2098 manu
916 2057 1130 2114 corporis,
1154 2057 1228 2099 sed
1245 2058 1426 2115 quadam
1442 2057 1643 2100 orationis
1660 2065 1742 2100 tuae

374 2127 560 2169 dextera.
598 2126 692 2170 Non
714 2128 801 2169 sola
820 2142 971 2170 manus
991 2128 1191 2186 *corporis
1218 2130 1357 2186 pulsat
1380 2144 1390 2169 ε
1414 2129 1552 2186 pulsat
1575 2134 1618 2170 et
1638 2142 1740 2177 vox;

375 2197 581 2254 scriptum
599 2205 663 2239 est
684 2197 799 2240 enim
819 2213 829 2240 ε
846 2215 862 2237 α
884 2197 979 2241 Vox·
993 2198 1134 2241 fratris
1154 2199 1238 2241 mei
1260 2200 1398 2257 pulsat
1415 2200 1469 2241 ad
1485 2197 1695 2256 januam&
1717 2217 1733 2239 ι

374 2266 596 2310 Pulsamus
619 2275 661 2309 et
686 2267 828 2325 digito.
858 2267 1050 2325 Denique
1075 2277 1118 2311 et
1137 2269 1321 2312 Thomas
1353 2268 1482 2328 digito
1503 2269 1661 2312 meruit
1679 2267 1746 2326 ja—

377 2351 508 2379 nuam
531 2337 854 2380 resurrectionis
871 2353 890 2380 a
895 2338 1046 2397 perire.
1067 2339 1121 2381 Et
1138 2339 1214 2382 tibi
1231 2339 1334 2383 dicit
1348 2340 1471 2383 Jesus
1492 2355 1534 2382 z«
1551 2339 1665 2383 inser
1681 2339 1746 2382 di-

376 2424 393 2447 »
408 2406 542 2464 gitum
562 2415 685 2449 tuum
705 2406 864 2451 hum...
885 2417 927 2451 et
952 2409 1073 2451 mitte
1095 2424 1244 2452 manus
1263 2418 1355 2452 tuas
1379 2409 1547 2452 inlatus
1567 2423 1712 2452 meum
1732 2425 1743 2452 ε

378 2484 451 2519 »et
474 2476 560 2523 noli
585 2492 677 2519 esse
699 2478 944 2521 incredulus
960 2511 971 2528 ,
1001 2480 1075 2521 sed
1098 2477 1272 2522 fidelis⁵.
1295 2480 1448 2522 »Pulsa
1470 2494 1570 2538 ergo
1591 2478 1744 2537 digito,

316 2591 319 2593 ,
381 2546 416 2588 si
438 2561 521 2588 non
542 2554 664 2604 potes
685 2554 771 2589 tota
788 2563 932 2591 manu.
954 2549 1078 2591 Pulsa
1093 2548 1281 2605 januam.
1305 2548 1497 2592 Christus
1519 2557 1582 2592 est
1600 2548 1744 2608 janua,

381 2615 454 2673 qui
477 2615 534 2658 ait
558 2631 600 2658 :a
620 2617 700 2660 Per
716 2631 784 2659 me
807 2617 840 2660 si
866 2619 960 2675 quis
982 2618 1210 2670 introierit,
1235 2619 1502 2663 salvabitur⁶.
1523 2639 1538 2659 υ

434 2716 442 2731 ¹
464 2707 547 2742 Psal.
574 2719 690 2751 cxvm,
708 2719 781 2752 ¹7⁰·
801 2726 843 2759 -3
864 2719 878 2736 ³
895 2710 990 2760 Cant.
1009 2721 1040 2751 v,
1063 2692 1099 2747 a:
1114 2729 1155 2739 —-
1173 2714 1186 2739 ³
1205 2710 1304 2745 Joan.
1319 2723 1373 2752 xx,
1387 2723 1436 2756 ²7·
1458 2728 1500 2740 -
1518 2711 1647 2757 stoan.
1665 2721 1699 2753 x,
1713 2722 1748 2756 9.
