1800 3236
374 299 433 348 66
925 306 959 340 s.
997 302 1191 338 mmmm

376 394 547 443 »anima
570 406 667 438 mee
693 405 704 435 ε
727 385 893 435 vivifica
923 402 993 433 me
1023 384 1262 430 secundum
1297 380 1477 429 verbum
1503 380 1655 437 ¹tuum¹
1670 414 1683 428 .
1706 401 1730 429 2

375 467 457 515 Per
477 463 767 526 pavimentum
785 468 941 503 terram
962 455 1250 514 intelligimus,
1274 468 1352 512 per
1372 462 1529 499 terram
1547 452 1746 512 materia·-

376 538 445 587 lia.
472 533 690 580 Peccatori
708 538 851 575 autem
869 529 1033 572 dictum
1051 534 1114 570 est
1139 541 1148 569 :
1172 543 1189 566 α
1204 526 1337 570 Terra
1357 541 1426 578 es,
1447 533 1492 572 et
1516 525 1560 570 in
1580 534 1742 573 terram

375 606 511 652 »ibis²
532 624 544 657 ;
570 624 586 646 »
619 619 670 647 eo
688 602 804 661 quod
825 599 976 644 divinis
1003 597 1212 641 mandatis
1239 596 1535 644 inhaerendum
1555 611 1643 643 non
1660 611 1742 656 pu-

379 664 531 725 teverit
550 690 560 718 τ
585 675 660 718 sed
676 672 719 716 in
738 669 970 716 materialia
992 676 1035 712 et
1057 666 1292 727 corporalia
1313 666 1548 718 deflexerit,
1571 667 1642 712 cui
1660 667 1744 720 im,

375 761 518 809 pressa
546 742 673 788 fuerit
711 742 807 786 vitae
848 739 977 798 hujus
1014 737 1226 783 saecularis
1264 737 1504 797 delectatio.
1550 736 1746 795 Denique
1786 727 1790 732 ’

375 816 537 876 ejectus
559 814 611 858 de
632 811 832 873 paradiso
863 810 902 867 (1
912 810 955 868 5)
976 842 988 860 ,
1016 808 1101 852 hoc
1122 816 1215 858 est,
1238 823 1290 851 ex
1313 807 1385 853 illo
1401 806 1572 852 sublimi
1589 814 1632 850 et
1654 820 1747 851 coe-

378 886 474 933 lesti
501 886 598 930 loco
618 917 631 933 ,
669 884 724 926 ad
749 896 877 940 quem
896 887 1043 940 raptus
1069 887 1133 923 est
1160 879 1315 924 Paulus
1345 878 1434 923 sive
1459 879 1503 923 in
1529 891 1710 939 corpore
1731 907 1745 929 .

380 957 467 1005 sive
487 964 604 1000 extra
622 968 779 1013 corpus
801 951 994 996 nesciens
1016 965 1027 993 :
1050 966 1101 994 ex
1119 950 1190 994 illo
1213 964 1312 1008 ergo
1330 948 1534 993 eminenti
1552 950 1648 992 loco
1671 948 1748 993 de-

379 1028 519 1089 jectus
542 1027 586 1071 in
607 1035 792 1080 terram,
815 1023 1009 1082 deploret
1029 1020 1167 1065 Adam
1184 1021 1330 1064 dicens
1351 1035 1395 1063 εκ
1413 1019 1604 1065 Adhaesit
1627 1017 1750 1079 pavi-

380 1108 558 1149 »mento
585 1098 727 1141 anima
750 1111 846 1140 mea
864 1094 886 1146 ς’
902 1113 919 1136 »
951 1093 1062 1138 sicut
1084 1093 1183 1136 alibi
1204 1093 1261 1136 ait
1281 1108 1292 1137 :
1324 1110 1340 1132 α
1358 1092 1592 1137 Humiliata
1620 1099 1686 1136 est
1706 1089 1751 1136 in

383 1188 400 1211 »
413 1171 586 1228 pulvere
604 1168 747 1212 anima
768 1180 879 1216 mea,
903 1173 946 1209 et
970 1164 1144 1208 adhaesit
1165 1163 1209 1206 in
1229 1172 1343 1207 terra
1372 1171 1522 1206 venter
1538 1152 1703 1212 meus⁸‚
1722 1178 1741 1202 ι

379 1239 678 1288 Poenitentiam
701 1236 885 1296 gerentis
905 1236 998 1279 haec
1014 1250 1098 1278 vox
1117 1242 1181 1277 est
1194 1266 1206 1282 .
1232 1233 1306 1292 qui
1327 1233 1591 1281 meminisset
1606 1231 1752 1278 adhae-

384 1319 551 1358 rentem
566 1325 610 1354 se
631 1310 720 1354 Deo
737 1307 937 1358 nescisse,
958 1302 1242 1364 nec'potuisse
1255 1304 1496 1348 discernere
1517 1304 1650 1363 (quod
1665 1318 1753 1348 non

388 1380 588 1428 discrevit
603 1389 646 1425 et
664 1379 838 1432 Paulus)
864 1386 1010 1421 utrum
1030 1377 1074 1438 in
1095 1391 1274 1435 corpore
1290 1383 1422 1426 esset,
1447 1391 1506 1420 an>
1515 1384 1634 1420 extra
1655 1390 1754 1420 cor·-

386 1452 483 1511 pus⁸
504 1470 516 1504 ;
541 1453 597 1495 ita
613 1450 924 1499 infirmitatem,
938 1447 1236 1506 pigritiamque
1249 1447 1438 1505 corporis
1459 1447 1635 1498 minime
1655 1461 1755 1493 sen·-

388 1524 524 1568 tiebat
549 1556 561 1574 ‚
596 1522 665 1565 cui
695 1520 869 1566 Domini
898 1520 1139 1563 adhaerebat
1163 1519 1398 1578 praesentia.
1437 1518 1618 1577 Spiritus
1653 1532 1755 1578 ergo

387 1594 663 1656 propheticus
678 1626 690 1644 ‚
721 1593 794 1651 qui
816 1592 1007 1635 dolorem
1029 1591 1246 1650 expressit,
1263 1592 1330 1634 vel
1343 1590 1551 1641 Dominus
1567 1590 1642 1648 qui
1652 1605 1756 1646 §us-

389 1666 502 1725 cepit
534 1664 625 1723 ejus
661 1662 970 1713 infirmitatem,
1007 1676 1232 1720 personam
1263 1669 1536 1719 repraesentat
1562 1659 1683 1712 Adae,
1713 1667 1757 1703 et

389 1735 564 1781 assumit
578 1734 669 1791 ejus
691 1732 907 1775 affectum.

431 1805 523 1848 All.
559 1803 781 1860 Loquatur
796 1817 897 1860 ergo
925 1801 1063 1844 Adam
1083 1816 1092 1844 :
1111 1818 1127 1841 α
1144 1799 1332 1844 Adhaesit
1353 1800 1594 1858 pavimento
1618 1798 1758 1850 anima

391 1889 530 1919 »mea.
552 1892 568 1915 »
590 1873 676 1926 Qui
702 1881 799 1916 ante
819 1872 1087 1916 beatissimus
1110 1887 1256 1917 auram
1282 1871 1483 1930 carpebat
1496 1871 1723 1914 aetheream
1743 1902 1755 1920 ,

394 1959 518 1988 curas
537 1944 632 1987 vitae
651 1942 781 2001 hujus
805 1951 856 2005 etv
870 1942 992 1985 taedia
1013 1942 1252 1992 nesciebat,
1282 1941 1315 1985 is
1338 1956 1453 1984 nunc
1474 1939 1759 1984 sollieitudine

392 2014 543 2060 mundi
564 2014 692 2072 hujus
707 2046 718 2064 ,
743 2013 919 2057 luxuriae
935 2013 1091 2064 studio,
1107 2013 1388 2071 'pecuniaeque
1406 2012 1638 2072 eupiditate
1659 2025 1760 2061 eur-

392 2094 531 2139 vatus,
555 2094 604 2129 ut
627 2084 764 2143 vulpis
785 2084 914 2128 foveis
931 2099 977 2127 se
994 2084 1154 2135 inserit,
1179 2085 1451 2143 latibulisque
1472 2075 1755 2130 terrestribus·

391 2157 542 2202 Merito
560 2156 801 2201 adhaerebat
823 2156 1012 2215 pulveri,
1035 2156 1108 2214 qui
1125 2172 1169 2199 se
1191 2158 1332 2201 levare
1347 2173 1434 2201 non
1460 2165 1627 2217 poterat
1642 2189 1654 2207 ‚
1676 2155 1761 2203 nini

395 2244 495 2278 eum
507 2242 633 2286 supra
648 2242 962 2276 crueemsuam
977 2226 1169 2273 Christus
1181 2229 1370 2273 levasset.
1397 2228 1546 2273 Merito
1570 2226 1760 2275 adhaeren

396 2300 470 2343 bat
491 2299 732 2358 pavimento
749 2298 822 2356 qui
840 2313 887 2347 se
906 2297 1194 2346 abscondebat
1212 2312 1234 2340 a
1254 2297 1436 2342 Christo.
1462 2298 1558 2342 Non
1573 2298 1763 2349 adhaeret

394 2371 663 2430 pavimento,
687 2362 768 2413 cui·
782 2369 887 2417 dicit
906 2369 932 2413 J
937 2384 1032 2413 esus
1051 2384 1060 2412 ε
1091 2387 1107 2414 α
1127 2369 1315 2427 Sequere
1335 2369 1446 2414 me⁵.
1474 2388 1491 2412 ι
1504 2369 1598 2414 Non
1614 2370 1759 2415 adhaev

394 2450 460 2487 ret
502 2443 745 2501 pavimento
777 2474 788 2491 ,
831 2441 905 2500 qui
946 2441 1068 2496 audit
1104 2450 1147 2485 et
1189 2442 1379 2500 sequitur
1413 2441 1570 2501 Legem
1613 2442 1762 2489 dicem

444 2576 452 2591 ¹
473 2566 557 2600 Psal.
585 2578 703 2607 cxvm,
732 2568 786 2599 25.
803 2585 845 2592 -—
864 2576 876 2592 ²
904 2566 988 2600 Gen.
1017 2577 1068 2606 ιιι,
1089 2577 1140 2610 ¹9·
1156 2585 1198 2592 —
1215 2568 1229 2591 ³
1246 2567 1328 2601 Psal.
1354 2579 1448 2611 xant,
1466 2569 1518 2607 ³⁵·
1544 2585 1584 2597 -
1603 2572 1619 2599 4
1642 2580 1660 2603 a
1678 2550 1760 2606 Cor.

393 2632 454 2660 xn,
469 2632 499 2655 2.
515 2639 557 2646 —
580 2623 592 2645 ⁵
610 2621 704 2654 Joan.
726 2631 750 2660 ι,
765 2620 819 2660 45.
1650 2622 1654 2627 ’
