<?xml version="1.0" encoding="UTF-8"?>
<!DOCTYPE html PUBLIC "-//W3C//DTD XHTML 1.0 Transitional//EN"
    "http://www.w3.org/TR/xhtml1/DTD/xhtml1-transitional.dtd">
<html xmlns="http://www.w3.org/1999/xhtml" xml:lang="en" lang="en">
 <head>
  <title>
</title>
<meta http-equiv="Content-Type" content="text/html;charset=utf-8" />
  <meta name='ocr-system' content='tesseract 3.04.00' />
  <meta name='ocr-capabilities' content='ocr_page ocr_carea ocr_par ocr_line ocrx_word'/>
</head>
<body>
  <div class='ocr_page' id='page_1' title='image "./omniaequaeextant04ambruoft_0166.png"; bbox 0 0 1800 3236; ppageno 0'>
   <div class='ocr_carea' id='block_1_1' title="bbox 350 306 1161 352">
    <p class='ocr_par' dir='ltr' id='par_1_1' title="bbox 350 306 1161 352">
     <span class='ocr_line' id='line_1_1' title="bbox 350 306 1161 352; baseline -0.006 0"><span class='ocrx_word' id='word_1_1' title='bbox 350 322 369 352; x_wconf 84' lang='lat'>1</span> <span class='ocrx_word' id='word_1_2' title='bbox 379 306 434 352; x_wconf 79' lang='lat'><strong>56</strong></span> <span class='ocrx_word' id='word_1_3' title='bbox 896 317 929 349; x_wconf 77' lang='lat' dir='ltr'><strong>s,</strong></span> <span class='ocrx_word' id='word_1_4' title='bbox 966 317 1161 348; x_wconf 59' lang='lat' dir='ltr'><strong>sunnosu</strong></span> 
     </span>
    </p>
   </div>
   <div class='ocr_carea' id='block_1_2' title="bbox 345 396 1722 812">
    <p class='ocr_par' dir='ltr' id='par_1_2' title="bbox 345 396 1722 812">
     <span class='ocr_line' id='line_1_2' title="bbox 345 396 1710 459; baseline -0.003 -13"><span class='ocrx_word' id='word_1_5' title='bbox 345 403 514 446; x_wconf 87' lang='lat' dir='ltr'><strong>volutus</strong></span> <span class='ocrx_word' id='word_1_6' title='bbox 541 408 683 450; x_wconf 82' lang='lat' dir='ltr'><strong>reatu,</strong></span> <span class='ocrx_word' id='word_1_7' title='bbox 716 413 794 442; x_wconf 87' lang='lat' dir='ltr'><strong>nec</strong></span> <span class='ocrx_word' id='word_1_8' title='bbox 832 398 884 441; x_wconf 84' lang='lat' dir='ltr'><strong>sit</strong></span> <span class='ocrx_word' id='word_1_9' title='bbox 911 398 1084 456; x_wconf 78' lang='lat' dir='ltr'><strong>aliquod</strong></span> <span class='ocrx_word' id='word_1_10' title='bbox 1108 398 1200 456; x_wconf 84' lang='lat' dir='ltr'><strong>ejus</strong></span> <span class='ocrx_word' id='word_1_11' title='bbox 1224 396 1397 442; x_wconf 51' lang='lat' dir='ltr'><strong>&#39;crimen</strong></span> <span class='ocrx_word' id='word_1_12' title='bbox 1423 410 1674 459; x_wconf 80' lang='lat' dir='ltr'><strong>expressum</strong></span> <span class='ocrx_word' id='word_1_13' title='bbox 1698 403 1710 450; x_wconf 68' lang='lat' dir='ltr'><strong>&#39;g</strong></span> 
     </span>
     <span class='ocr_line' id='line_1_3' title="bbox 348 468 1715 530; baseline -0.001 -14"><span class='ocrx_word' id='word_1_14' title='bbox 348 473 531 530; x_wconf 87' lang='lat' dir='ltr'><strong>denique</strong></span> <span class='ocrx_word' id='word_1_15' title='bbox 546 471 619 515; x_wconf 87' lang='lat' dir='ltr'><strong>uhi</strong></span> <span class='ocrx_word' id='word_1_16' title='bbox 640 471 701 513; x_wconf 87' lang='lat' dir='ltr'><strong>rei</strong></span> <span class='ocrx_word' id='word_1_17' title='bbox 726 468 852 527; x_wconf 86' lang='lat' dir='ltr'><strong>aliqui</strong></span> <span class='ocrx_word' id='word_1_18' title='bbox 870 468 1027 512; x_wconf 75' lang='lat' dir='ltr'>suerint</span> <span class='ocrx_word' id='word_1_19' title='bbox 1048 469 1240 512; x_wconf 56' lang='lat' dir='ltr'><strong>advocati</strong></span> <span class='ocrx_word' id='word_1_20' title='bbox 1265 470 1380 529; x_wconf 82' lang='lat'><strong>(31),</strong></span> <span class='ocrx_word' id='word_1_21' title='bbox 1404 478 1448 513; x_wconf 89' lang='lat' dir='ltr'><strong>et</strong></span> <span class='ocrx_word' id='word_1_22' title='bbox 1469 470 1715 530; x_wconf 81' lang='lat' dir='ltr'><strong>imperatori</strong></span> 
     </span>
     <span class='ocr_line' id='line_1_4' title="bbox 349 539 1714 602; baseline -0.001 -14"><span class='ocrx_word' id='word_1_23' title='bbox 349 560 393 588; x_wconf 91' lang='lat' dir='ltr'><strong>se</strong></span> <span class='ocrx_word' id='word_1_24' title='bbox 413 552 455 587; x_wconf 87' lang='lat' dir='ltr'><strong>ct</strong></span> <span class='ocrx_word' id='word_1_25' title='bbox 477 543 574 602; x_wconf 90' lang='lat' dir='ltr'><strong>ipsis</strong></span> <span class='ocrx_word' id='word_1_26' title='bbox 597 541 811 601; x_wconf 90' lang='lat' dir='ltr'><strong>judicibus</strong></span> <span class='ocrx_word' id='word_1_27' title='bbox 833 539 986 584; x_wconf 84' lang='lat' dir='ltr'><strong>oss&#39;errc</strong></span> <span class='ocrx_word' id='word_1_28' title='bbox 1012 540 1296 599; x_wconf 84' lang='lat' dir='ltr'><strong>prohibentur</strong></span> <span class='ocrx_word' id='word_1_29' title='bbox 1319 556 1329 584; x_wconf 77' lang='lat' dir='ltr'><strong><em>z</em></strong></span> <span class='ocrx_word' id='word_1_30' title='bbox 1349 544 1714 599; x_wconf 80' lang='lat' dir='ltr'><strong>quemadmodum</strong></span> 
     </span>
     <span class='ocr_line' id='line_1_5' title="bbox 349 612 1718 675; baseline -0.001 -16"><span class='ocrx_word' id='word_1_31' title='bbox 349 624 494 675; x_wconf 87' lang='lat' dir='ltr'><strong>turpes</strong></span> <span class='ocrx_word' id='word_1_32' title='bbox 518 616 723 658; x_wconf 87' lang='lat' dir='ltr'><strong>lenonum</strong></span> <span class='ocrx_word' id='word_1_33' title='bbox 746 612 1108 670; x_wconf 79' lang='lat' dir='ltr'><strong>meretricumque</strong></span> <span class='ocrx_word' id='word_1_34' title='bbox 1128 627 1319 671; x_wconf 75' lang='lat' dir='ltr'><strong>personae</strong></span> <span class='ocrx_word' id='word_1_35' title='bbox 1347 628 1369 655; x_wconf 86' lang='lat' dir='ltr'><strong>a</strong></span> <span class='ocrx_word' id='word_1_36' title='bbox 1397 616 1629 674; x_wconf 81' lang='lat' dir='ltr'><strong>conspectu</strong></span> <span class='ocrx_word' id='word_1_37' title='bbox 1650 615 1718 658; x_wconf 75' lang='lat' dir='ltr'><strong>vel</strong></span> 
     </span>
     <span class='ocr_line' id='line_1_6' title="bbox 348 682 1719 745; baseline 0 -16"><span class='ocrx_word' id='word_1_38' title='bbox 348 685 523 745; x_wconf 86' lang='lat' dir='ltr'><strong>judicis,</strong></span> <span class='ocrx_word' id='word_1_39' title='bbox 550 685 618 728; x_wconf 88' lang='lat' dir='ltr'><strong>vel</strong></span> <span class='ocrx_word' id='word_1_40' title='bbox 638 682 905 741; x_wconf 82' lang='lat' dir='ltr'><strong>imperatoris</strong></span> <span class='ocrx_word' id='word_1_41' title='bbox 928 692 1151 732; x_wconf 65' lang='lat' dir='ltr'><strong>amentum</strong></span> <span class='ocrx_word' id='word_1_42' title='bbox 1171 699 1226 727; x_wconf 91' lang='lat' dir='ltr'><strong>ne</strong></span> <span class='ocrx_word' id='word_1_43' title='bbox 1246 682 1719 743; x_wconf 73' lang='lat' dir='ltr'><strong>¹turpissimorum&#39;visus</strong></span> 
     </span>
     <span class='ocr_line' id='line_1_7' title="bbox 351 754 1722 812; baseline 0.001 -13"><span class='ocrx_word' id='word_1_44' title='bbox 351 756 538 800; x_wconf 80' lang='lat' dir='ltr'><strong>offendat</strong></span> <span class='ocrx_word' id='word_1_45' title='bbox 558 756 699 798; x_wconf 81' lang='lat' dir='ltr'><strong>vultus</strong></span> <span class='ocrx_word' id='word_1_46' title='bbox 722 754 827 812; x_wconf 85' lang='lat' dir='ltr'><strong>regii</strong></span> <span class='ocrx_word' id='word_1_47' title='bbox 841 754 1098 798; x_wconf 78' lang='lat' dir='ltr'>claritatem.</span> <span class='ocrx_word' id='word_1_48' title='bbox 1123 755 1215 807; x_wconf 87' lang='lat' dir='ltr'><strong>Qui</strong></span> <span class='ocrx_word' id='word_1_49' title='bbox 1226 755 1368 798; x_wconf 86' lang='lat' dir='ltr'><strong>autem</strong></span> <span class='ocrx_word' id='word_1_50' title='bbox 1380 756 1490 799; x_wconf 87' lang='lat' dir='ltr'><strong>bene</strong></span> <span class='ocrx_word' id='word_1_51' title='bbox 1500 756 1581 800; x_wconf 82' lang='lat' dir='ltr'><strong>sibi</strong></span> <span class='ocrx_word' id='word_1_52' title='bbox 1601 772 1722 800; x_wconf 88' lang='lat' dir='ltr'><strong>cons-</strong></span> 
     </span>
    </p>
   </div>
   <div class='ocr_carea' id='block_1_3' title="bbox 351 823 1722 940">
    <p class='ocr_par' dir='ltr' id='par_1_3' title="bbox 351 823 1722 940">
     <span class='ocr_line' id='line_1_8' title="bbox 352 823 1722 887; baseline 0.002 -18"><span class='ocrx_word' id='word_1_53' title='bbox 352 826 442 870; x_wconf 92' lang='lat' dir='ltr'><strong>cius</strong></span> <span class='ocrx_word' id='word_1_54' title='bbox 465 835 555 876; x_wconf 90' lang='lat' dir='ltr'><strong>est,</strong></span> <span class='ocrx_word' id='word_1_55' title='bbox 590 825 747 870; x_wconf 91' lang='lat' dir='ltr'><strong>nullius</strong></span> <span class='ocrx_word' id='word_1_56' title='bbox 773 824 961 869; x_wconf 87' lang='lat' dir='ltr'><strong>criminis</strong></span> <span class='ocrx_word' id='word_1_57' title='bbox 981 840 1101 876; x_wconf 85' lang='lat' dir='ltr'><strong>reus,</strong></span> <span class='ocrx_word' id='word_1_58' title='bbox 1131 826 1251 884; x_wconf 84' lang='lat' dir='ltr'>quasi</span> <span class='ocrx_word' id='word_1_59' title='bbox 1287 825 1500 870; x_wconf 77' lang='lat' dir='ltr'><strong>innocens</strong></span> <span class='ocrx_word' id='word_1_60' title='bbox 1516 823 1690 887; x_wconf 76' lang='lat' dir='ltr'><strong>prodit</strong></span> <span class='ocrx_word' id='word_1_61' title='bbox 1675 841 1722 874; x_wconf 82' lang='lat' dir='ltr'><strong>m</strong></span> 
     </span>
     <span class='ocr_line' id='line_1_9' title="bbox 351 896 555 940; baseline -0.011 0"><span class='ocrx_word' id='word_1_62' title='bbox 351 896 555 940; x_wconf 88' lang='lat' dir='ltr'><strong>medium.</strong></span> 
     </span>
    </p>
   </div>
   <div class='ocr_carea' id='block_1_4' title="bbox 353 964 1742 2658">
    <p class='ocr_par' dir='ltr' id='par_1_4' title="bbox 353 964 1738 2002">
     <span class='ocr_line' id='line_1_10' title="bbox 412 964 1725 1024; baseline -0.002 -12"><span class='ocrx_word' id='word_1_63' title='bbox 412 966 516 1012; x_wconf 88' lang='lat' dir='ltr'><strong>XX.</strong></span> <span class='ocrx_word' id='word_1_64' title='bbox 550 965 613 1008; x_wconf 86' lang='lat' dir='ltr'><strong>Ex</strong></span> <span class='ocrx_word' id='word_1_65' title='bbox 640 964 706 1008; x_wconf 90' lang='lat' dir='ltr'><strong>his</strong></span> <span class='ocrx_word' id='word_1_66' title='bbox 742 980 842 1024; x_wconf 83' lang='lat' dir='ltr'><strong>ergo</strong></span> <span class='ocrx_word' id='word_1_67' title='bbox 870 965 1004 1008; x_wconf 80' lang='lat' dir='ltr'><strong>sancti</strong></span> <span class='ocrx_word' id='word_1_68' title='bbox 1035 965 1191 1024; x_wconf 78' lang='lat' dir='ltr'><strong>Moysis</strong></span> <span class='ocrx_word' id='word_1_69' title='bbox 1216 964 1632 1024; x_wconf 84' lang='lat' dir='ltr'><strong>comprehendamus</strong></span> <span class='ocrx_word' id='word_1_70' title='bbox 1660 966 1725 1010; x_wconf 82' lang='lat' dir='ltr'><strong>af-</strong></span> 
     </span>
     <span class='ocr_line' id='line_1_11' title="bbox 354 1036 1725 1096; baseline 0.002 -14"><span class='ocrx_word' id='word_1_71' title='bbox 354 1039 529 1082; x_wconf 80' lang='lat' dir='ltr'><strong>fectum.</strong></span> <span class='ocrx_word' id='word_1_72' title='bbox 558 1037 715 1081; x_wconf 84' lang='lat' dir='ltr'><strong>Videre</strong></span> <span class='ocrx_word' id='word_1_73' title='bbox 735 1037 814 1080; x_wconf 90' lang='lat' dir='ltr'><strong>Dei</strong></span> <span class='ocrx_word' id='word_1_74' title='bbox 834 1038 998 1080; x_wconf 80' lang='lat' dir='ltr'><strong>vultum</strong></span> <span class='ocrx_word' id='word_1_75' title='bbox 1022 1037 1139 1094; x_wconf 81' lang='lat' dir='ltr'>quasi</span> <span class='ocrx_word' id='word_1_76' title='bbox 1169 1038 1372 1081; x_wconf 79' lang='lat' dir='ltr'><strong>innocens</strong></span> <span class='ocrx_word' id='word_1_77' title='bbox 1399 1039 1517 1082; x_wconf 84' lang='lat' dir='ltr'><strong>velut</strong></span> <span class='ocrx_word' id='word_1_78' title='bbox 1539 1036 1725 1096; x_wconf 79' lang='lat' dir='ltr'><strong>quodam</strong></span> 
     </span>
     <span class='ocr_line' id='line_1_12' title="bbox 353 1108 1726 1167; baseline -0.001 -14"><span class='ocrx_word' id='word_1_79' title='bbox 353 1111 473 1154; x_wconf 85' lang='lat' dir='ltr'><strong>vultu</strong></span> <span class='ocrx_word' id='word_1_80' title='bbox 501 1108 773 1152; x_wconf 76' lang='lat' dir='ltr'><strong>conscientiae</strong></span> <span class='ocrx_word' id='word_1_81' title='bbox 807 1108 1076 1153; x_wconf 81' lang='lat' dir='ltr'><strong>desiderabat</strong></span> <span class='ocrx_word' id='word_1_82' title='bbox 1099 1123 1110 1151; x_wconf 76' lang='grc' dir='ltr'><em>τ</em></span> <span class='ocrx_word' id='word_1_83' title='bbox 1135 1109 1298 1167; x_wconf 69' lang='lat' dir='ltr'><strong>aperire</strong></span> <span class='ocrx_word' id='word_1_84' title='bbox 1332 1108 1371 1152; x_wconf 91' lang='lat' dir='ltr'><strong>ei</strong></span> <span class='ocrx_word' id='word_1_85' title='bbox 1396 1108 1726 1152; x_wconf 80' lang='lat' dir='ltr'><strong>faciemmentis</strong></span> 
     </span>
     <span class='ocr_line' id='line_1_13' title="bbox 353 1178 1728 1239; baseline -0.001 -15"><span class='ocrx_word' id='word_1_86' title='bbox 353 1181 529 1224; x_wconf 83' lang='lat' dir='ltr'><strong>internae</strong></span> <span class='ocrx_word' id='word_1_87' title='bbox 541 1211 552 1223; x_wconf 89' lang='lat'><strong>.</strong></span> <span class='ocrx_word' id='word_1_88' title='bbox 576 1180 776 1238; x_wconf 85' lang='lat' dir='ltr'><strong>cognosci</strong></span> <span class='ocrx_word' id='word_1_89' title='bbox 792 1180 956 1237; x_wconf 88' lang='lat' dir='ltr'><strong>plenius</strong></span> <span class='ocrx_word' id='word_1_90' title='bbox 967 1180 1174 1238; x_wconf 82' lang='lat' dir='ltr'><strong>gestiebat</strong></span> <span class='ocrx_word' id='word_1_91' title='bbox 1190 1187 1233 1222; x_wconf 87' lang='lat' dir='ltr'><strong>et</strong></span> <span class='ocrx_word' id='word_1_92' title='bbox 1247 1180 1427 1237; x_wconf 83' lang='lat' dir='ltr'><strong>Moyses,</strong></span> <span class='ocrx_word' id='word_1_93' title='bbox 1439 1178 1592 1239; x_wconf 74' lang='lat' dir='ltr'><strong>etipse</strong></span> <span class='ocrx_word' id='word_1_94' title='bbox 1608 1193 1728 1230; x_wconf 79' lang='lat' dir='ltr'><strong>sanc-</strong></span> 
     </span>
     <span class='ocr_line' id='line_1_14' title="bbox 355 1250 1738 1307; baseline -0.001 -12"><span class='ocrx_word' id='word_1_95' title='bbox 355 1260 424 1295; x_wconf 87' lang='lat' dir='ltr'><strong>tus</strong></span> <span class='ocrx_word' id='word_1_96' title='bbox 454 1250 611 1299; x_wconf 84' lang='lat' dir='ltr'><strong>David,</strong></span> <span class='ocrx_word' id='word_1_97' title='bbox 645 1250 716 1307; x_wconf 89' lang='lat' dir='ltr'><strong>qui</strong></span> <span class='ocrx_word' id='word_1_98' title='bbox 745 1250 843 1293; x_wconf 82' lang='lat' dir='ltr'><strong>alibi</strong></span> <span class='ocrx_word' id='word_1_99' title='bbox 867 1250 923 1293; x_wconf 82' lang='lat' dir='ltr'><strong>ait</strong></span> <span class='ocrx_word' id='word_1_100' title='bbox 948 1265 991 1294; x_wconf 68' lang='lat' dir='ltr'><strong>:a</strong></span> <span class='ocrx_word' id='word_1_101' title='bbox 1014 1250 1152 1293; x_wconf 87' lang='lat' dir='ltr'><strong>Proba</strong></span> <span class='ocrx_word' id='word_1_102' title='bbox 1172 1266 1267 1299; x_wconf 86' lang='lat' dir='ltr'><strong>me,</strong></span> <span class='ocrx_word' id='word_1_103' title='bbox 1302 1250 1510 1302; x_wconf 88' lang='lat' dir='ltr'><strong>Domine,</strong></span> <span class='ocrx_word' id='word_1_104' title='bbox 1538 1259 1582 1295; x_wconf 81' lang='lat' dir='ltr'><strong>et</strong></span> <span class='ocrx_word' id='word_1_105' title='bbox 1610 1259 1738 1295; x_wconf 69' lang='lat' dir='ltr'><strong>tenta.</strong></span> 
     </span>
     <span class='ocr_line' id='line_1_15' title="bbox 357 1322 1729 1382; baseline 0.001 -18"><span class='ocrx_word' id='word_1_106' title='bbox 357 1341 375 1364; x_wconf 68' lang='grc' dir='ltr'><strong>,ι</strong></span> <span class='ocrx_word' id='word_1_107' title='bbox 389 1338 456 1366; x_wconf 88' lang='lat' dir='ltr'><strong>me</strong></span> <span class='ocrx_word' id='word_1_108' title='bbox 472 1322 503 1366; x_wconf 90' lang='lat'><strong>¹.</strong></span> <span class='ocrx_word' id='word_1_109' title='bbox 526 1322 649 1366; x_wconf 83' lang='lat' dir='ltr'><strong>»Non</strong></span> <span class='ocrx_word' id='word_1_110' title='bbox 667 1322 782 1364; x_wconf 91' lang='lat' dir='ltr'><strong>enim</strong></span> <span class='ocrx_word' id='word_1_111' title='bbox 804 1323 929 1365; x_wconf 85' lang='lat' dir='ltr'><strong>vellet</strong></span> <span class='ocrx_word' id='word_1_112' title='bbox 953 1322 1124 1380; x_wconf 88' lang='lat' dir='ltr'><strong>probari</strong></span> <span class='ocrx_word' id='word_1_113' title='bbox 1147 1322 1180 1366; x_wconf 90' lang='lat' dir='ltr'><strong>si</strong></span> <span class='ocrx_word' id='word_1_114' title='bbox 1203 1322 1245 1364; x_wconf 91' lang='lat' dir='ltr'><strong>in</strong></span> <span class='ocrx_word' id='word_1_115' title='bbox 1271 1338 1315 1365; x_wconf 88' lang='lat' dir='ltr'><strong>se</strong></span> <span class='ocrx_word' id='word_1_116' title='bbox 1338 1323 1729 1382; x_wconf 79' lang='lat' dir='ltr'><strong>crimenagnosce-</strong></span> 
     </span>
     <span class='ocr_line' id='line_1_16' title="bbox 359 1392 1730 1452; baseline 0.001 -15"><span class='ocrx_word' id='word_1_117' title='bbox 359 1403 425 1438; x_wconf 86' lang='lat' dir='ltr'><strong>ret</strong></span> <span class='ocrx_word' id='word_1_118' title='bbox 457 1408 578 1437; x_wconf 81' lang='lat' dir='ltr'><strong>:nec</strong></span> <span class='ocrx_word' id='word_1_119' title='bbox 600 1393 786 1443; x_wconf 80' lang='lat' dir='ltr'><strong>tentari,</strong></span> <span class='ocrx_word' id='word_1_120' title='bbox 812 1394 845 1436; x_wconf 93' lang='lat' dir='ltr'><strong>si</strong></span> <span class='ocrx_word' id='word_1_121' title='bbox 879 1393 1145 1452; x_wconf 81' lang='lat' dir='ltr'><strong>passionibus</strong></span> <span class='ocrx_word' id='word_1_122' title='bbox 1178 1394 1376 1451; x_wconf 83' lang='lat' dir='ltr'><strong>gravibus</strong></span> <span class='ocrx_word' id='word_1_123' title='bbox 1410 1409 1454 1438; x_wconf 86' lang='lat' dir='ltr'><strong>se</strong></span> <span class='ocrx_word' id='word_1_124' title='bbox 1489 1392 1730 1438; x_wconf 33' lang='lat' dir='ltr'><strong>sciret-*ob-</strong></span> 
     </span>
     <span class='ocr_line' id='line_1_17' title="bbox 359 1464 1724 1525; baseline 0 -17"><span class='ocrx_word' id='word_1_125' title='bbox 359 1465 545 1508; x_wconf 81' lang='lat' dir='ltr'><strong>noxium.</strong></span> <span class='ocrx_word' id='word_1_126' title='bbox 568 1464 694 1520; x_wconf 78' lang='lat' dir='ltr'><strong>Liber</strong></span> <span class='ocrx_word' id='word_1_127' title='bbox 716 1464 843 1522; x_wconf 84' lang='lat' dir='ltr'><strong>igitur</strong></span> <span class='ocrx_word' id='word_1_128' title='bbox 858 1479 881 1515; x_wconf 17' lang='lat' dir='ltr'><strong>*a</strong></span> <span class='ocrx_word' id='word_1_129' title='bbox 904 1472 1080 1523; x_wconf 84' lang='lat' dir='ltr'><strong>peccato</strong></span> <span class='ocrx_word' id='word_1_130' title='bbox 1096 1498 1106 1514; x_wconf 95' lang='lat'><strong>,</strong></span> <span class='ocrx_word' id='word_1_131' title='bbox 1130 1465 1220 1508; x_wconf 91' lang='lat' dir='ltr'><strong>Deo</strong></span> <span class='ocrx_word' id='word_1_132' title='bbox 1244 1481 1287 1508; x_wconf 89' lang='lat' dir='ltr'><strong>se</strong></span> <span class='ocrx_word' id='word_1_133' title='bbox 1309 1465 1724 1525; x_wconf 56' lang='lat' dir='ltr'><strong>cupidus-:offerebat</strong></span> 
     </span>
     <span class='ocr_line' id='line_1_18' title="bbox 362 1535 1731 1594; baseline 0 -16"><span class='ocrx_word' id='word_1_134' title='bbox 362 1535 447 1578; x_wconf 86' lang='lat' dir='ltr'><strong>Sed</strong></span> <span class='ocrx_word' id='word_1_135' title='bbox 469 1535 645 1578; x_wconf 83' lang='lat' dir='ltr'><strong>fortasse</strong></span> <span class='ocrx_word' id='word_1_136' title='bbox 663 1535 758 1592; x_wconf 86' lang='lat' dir='ltr'><strong>quia</strong></span> <span class='ocrx_word' id='word_1_137' title='bbox 781 1535 921 1577; x_wconf 87' lang='lat' dir='ltr'><strong>adhuc</strong></span> <span class='ocrx_word' id='word_1_138' title='bbox 943 1535 1303 1594; x_wconf 80' lang='lat' dir='ltr'><strong>frequentioribus</strong></span> <span class='ocrx_word' id='word_1_139' title='bbox 1322 1536 1405 1580; x_wconf 67' lang='lat' dir='ltr'><strong>Dei-</strong></span> <span class='ocrx_word' id='word_1_140' title='bbox 1422 1535 1731 1580; x_wconf 76' lang='lat' dir='ltr'><strong>visitationibus</strong></span> 
     </span>
     <span class='ocr_line' id='line_1_19' title="bbox 361 1605 1730 1665; baseline 0 -16"><span class='ocrx_word' id='word_1_141' title='bbox 361 1607 545 1650; x_wconf 88' lang='lat' dir='ltr'><strong>mundus</strong></span> <span class='ocrx_word' id='word_1_142' title='bbox 568 1621 590 1648; x_wconf 88' lang='lat' dir='ltr'><strong>a</strong></span> <span class='ocrx_word' id='word_1_143' title='bbox 613 1605 713 1649; x_wconf 86' lang='lat' dir='ltr'><strong>vitio</strong></span> <span class='ocrx_word' id='word_1_144' title='bbox 733 1621 820 1648; x_wconf 90' lang='lat' dir='ltr'><strong>non</strong></span> <span class='ocrx_word' id='word_1_145' title='bbox 847 1605 979 1654; x_wconf 88' lang='lat' dir='ltr'><strong>soret,</strong></span> <span class='ocrx_word' id='word_1_146' title='bbox 1004 1621 1091 1648; x_wconf 90' lang='lat' dir='ltr'><strong>non</strong></span> <span class='ocrx_word' id='word_1_147' title='bbox 1112 1606 1239 1649; x_wconf 88' lang='lat' dir='ltr'><strong>suerit</strong></span> <span class='ocrx_word' id='word_1_148' title='bbox 1266 1606 1309 1649; x_wconf 93' lang='lat' dir='ltr'><strong>in</strong></span> <span class='ocrx_word' id='word_1_149' title='bbox 1330 1606 1539 1665; x_wconf 85' lang='lat' dir='ltr'><strong>principio</strong></span> <span class='ocrx_word' id='word_1_150' title='bbox 1560 1606 1730 1665; x_wconf 82' lang='lat' dir='ltr'><strong>perfec-</strong></span> 
     </span>
     <span class='ocr_line' id='line_1_20' title="bbox 362 1677 1734 1736; baseline 0 -15"><span class='ocrx_word' id='word_1_151' title='bbox 362 1688 444 1727; x_wconf 89' lang='lat' dir='ltr'><strong>tus,</strong></span> <span class='ocrx_word' id='word_1_152' title='bbox 459 1685 605 1736; x_wconf 85' lang='lat' dir='ltr'><strong>utpote</strong></span> <span class='ocrx_word' id='word_1_153' title='bbox 628 1677 697 1720; x_wconf 88' lang='lat' dir='ltr'><strong>cui</strong></span> <span class='ocrx_word' id='word_1_154' title='bbox 718 1685 814 1720; x_wconf 89' lang='lat' dir='ltr'><strong>ante</strong></span> <span class='ocrx_word' id='word_1_155' title='bbox 830 1678 1052 1735; x_wconf 85' lang='lat' dir='ltr'><strong>paululum</strong></span> <span class='ocrx_word' id='word_1_156' title='bbox 1069 1677 1230 1720; x_wconf 84' lang='lat' dir='ltr'><strong>dictum</strong></span> <span class='ocrx_word' id='word_1_157' title='bbox 1246 1686 1336 1720; x_wconf 85' lang='lat' dir='ltr'><strong>erat</strong></span> <span class='ocrx_word' id='word_1_158' title='bbox 1355 1693 1365 1721; x_wconf 92' lang='lat'><strong>:</strong></span> <span class='ocrx_word' id='word_1_159' title='bbox 1383 1695 1399 1717; x_wconf 80' lang='grc' dir='ltr'><strong>ιι</strong></span> <span class='ocrx_word' id='word_1_160' title='bbox 1421 1677 1546 1721; x_wconf 85' lang='lat' dir='ltr'><strong>Solve</strong></span> <span class='ocrx_word' id='word_1_161' title='bbox 1566 1679 1734 1721; x_wconf 78' lang='lat' dir='ltr'><strong>calcea·-</strong></span> 
     </span>
     <span class='ocr_line' id='line_1_21' title="bbox 366 1747 1734 1807; baseline 0.001 -16"><span class='ocrx_word' id='word_1_162' title='bbox 366 1757 589 1791; x_wconf 79' lang='lat' dir='ltr'><strong>»mentum</strong></span> <span class='ocrx_word' id='word_1_163' title='bbox 610 1749 767 1807; x_wconf 87' lang='lat' dir='ltr'><strong>pedum</strong></span> <span class='ocrx_word' id='word_1_164' title='bbox 795 1756 968 1791; x_wconf 65' lang='lat' dir='ltr'><strong>tuouum</strong></span> <span class='ocrx_word' id='word_1_165' title='bbox 995 1747 1008 1769; x_wconf 81' lang='lat'><strong>²</strong></span> <span class='ocrx_word' id='word_1_166' title='bbox 1027 1764 1039 1799; x_wconf 81' lang='lat'><em>3</em></span> <span class='ocrx_word' id='word_1_167' title='bbox 1063 1766 1079 1804; x_wconf 55' lang='grc' dir='ltr'><strong>ρ)</strong></span> <span class='ocrx_word' id='word_1_168' title='bbox 1094 1748 1199 1790; x_wconf 83' lang='lat' dir='ltr'><strong>illud</strong></span> <span class='ocrx_word' id='word_1_169' title='bbox 1226 1748 1372 1806; x_wconf 88' lang='lat' dir='ltr'><strong>utique</strong></span> <span class='ocrx_word' id='word_1_170' title='bbox 1397 1749 1734 1792; x_wconf 77' lang='lat' dir='ltr'><strong>calceamentum</strong></span> 
     </span>
     <span class='ocr_line' id='line_1_22' title="bbox 366 1818 1734 1877; baseline 0 -16"><span class='ocrx_word' id='word_1_171' title='bbox 366 1820 480 1876; x_wconf 86' lang='lat' dir='ltr'><strong>quod</strong></span> <span class='ocrx_word' id='word_1_172' title='bbox 503 1820 555 1862; x_wconf 87' lang='lat' dir='ltr'><strong>de</strong></span> <span class='ocrx_word' id='word_1_173' title='bbox 577 1819 759 1876; x_wconf 84' lang='lat' dir='ltr'><strong>AEgypto</strong></span> <span class='ocrx_word' id='word_1_174' title='bbox 781 1819 1014 1868; x_wconf 84' lang='lat' dir='ltr'><strong>detulerat,</strong></span> <span class='ocrx_word' id='word_1_175' title='bbox 1044 1818 1128 1861; x_wconf 92' lang='lat' dir='ltr'><strong>hoc</strong></span> <span class='ocrx_word' id='word_1_176' title='bbox 1154 1826 1242 1868; x_wconf 87' lang='lat' dir='ltr'><strong>est,</strong></span> <span class='ocrx_word' id='word_1_177' title='bbox 1272 1833 1488 1877; x_wconf 70' lang='lat' dir='ltr'><strong>corporeae</strong></span> <span class='ocrx_word' id='word_1_178' title='bbox 1506 1827 1734 1863; x_wconf 71' lang='lat' dir='ltr'><strong>conversa-</strong></span> 
     </span>
     <span class='ocr_line' id='line_1_23' title="bbox 368 1888 1737 1968; baseline 0.001 -37"><span class='ocrx_word' id='word_1_179' title='bbox 368 1888 494 1931; x_wconf 88' lang='lat' dir='ltr'><strong>tionis</strong></span> <span class='ocrx_word' id='word_1_180' title='bbox 521 1888 816 1937; x_wconf 82' lang='lat' dir='ltr'><strong>involucrum3</strong></span> <span class='ocrx_word' id='word_1_181' title='bbox 841 1888 936 1931; x_wconf 87' lang='lat' dir='ltr'><strong>idco</strong></span> <span class='ocrx_word' id='word_1_182' title='bbox 960 1888 1062 1931; x_wconf 82' lang='lat' dir='ltr'><strong>dicit</strong></span> <span class='ocrx_word' id='word_1_183' title='bbox 1079 1888 1117 1931; x_wconf 91' lang='lat' dir='ltr'><strong>ci</strong></span> <span class='ocrx_word' id='word_1_184' title='bbox 1139 1888 1385 1932; x_wconf 86' lang='lat' dir='ltr'><strong>Dominus.</strong></span> <span class='ocrx_word' id='word_1_185' title='bbox 1403 1906 1419 1929; x_wconf 86' lang='grc'><strong>«</strong></span> <span class='ocrx_word' id='word_1_186' title='bbox 1439 1889 1573 1934; x_wconf 89' lang='lat' dir='ltr'><strong>Nemo</strong></span> <span class='ocrx_word' id='word_1_187' title='bbox 1595 1888 1737 1968; x_wconf 80' lang='lat' dir='ltr'><strong>homi·</strong></span> 
     </span>
     <span class='ocr_line' id='line_1_24' title="bbox 366 1958 1236 2009; baseline 0.001 -8"><span class='ocrx_word' id='word_1_188' title='bbox 366 1977 383 2001; x_wconf 86' lang='grc'>»</span> <span class='ocrx_word' id='word_1_189' title='bbox 397 1974 499 2002; x_wconf 88' lang='lat' dir='ltr'><strong>num</strong></span> <span class='ocrx_word' id='word_1_190' title='bbox 524 1959 682 2002; x_wconf 88' lang='lat' dir='ltr'><strong>videbit</strong></span> <span class='ocrx_word' id='word_1_191' title='bbox 702 1958 854 2001; x_wconf 85' lang='lat' dir='ltr'><strong>faciem</strong></span> <span class='ocrx_word' id='word_1_192' title='bbox 870 1974 1032 2009; x_wconf 87' lang='lat' dir='ltr'><strong>meam,</strong></span> <span class='ocrx_word' id='word_1_193' title='bbox 1051 1968 1095 2002; x_wconf 89' lang='lat' dir='ltr'><strong>et</strong></span> <span class='ocrx_word' id='word_1_194' title='bbox 1114 1959 1236 2003; x_wconf 83' lang='lat' dir='ltr'><strong>vivet.</strong></span> 
     </span>
    </p>

    <p class='ocr_par' dir='ltr' id='par_1_5' title="bbox 367 2029 1742 2658">
     <span class='ocr_line' id='line_1_25' title="bbox 427 2029 1736 2082; baseline 0.002 -9"><span class='ocrx_word' id='word_1_195' title='bbox 427 2029 547 2073; x_wconf 91' lang='lat' dir='ltr'><strong>XXI.</strong></span> <span class='ocrx_word' id='word_1_196' title='bbox 589 2030 772 2082; x_wconf 86' lang='lat' dir='ltr'><strong>Quando</strong></span> <span class='ocrx_word' id='word_1_197' title='bbox 800 2037 941 2072; x_wconf 85' lang='lat' dir='ltr'><strong>autem</strong></span> <span class='ocrx_word' id='word_1_198' title='bbox 969 2030 1013 2072; x_wconf 88' lang='lat' dir='ltr'><strong>id</strong></span> <span class='ocrx_word' id='word_1_199' title='bbox 1044 2030 1207 2073; x_wconf 91' lang='lat' dir='ltr'><strong>dictum</strong></span> <span class='ocrx_word' id='word_1_200' title='bbox 1239 2029 1312 2081; x_wconf 90' lang='lat' dir='ltr'><strong>sit,</strong></span> <span class='ocrx_word' id='word_1_201' title='bbox 1351 2030 1736 2075; x_wconf 55' lang='lat' dir='ltr'><strong>consideracNon-</strong></span> 
     </span>
     <span class='ocr_line' id='line_1_26' title="bbox 367 2100 1726 2161; baseline 0.001 -17"><span class='ocrx_word' id='word_1_202' title='bbox 367 2102 469 2144; x_wconf 89' lang='lat' dir='ltr'><strong>dum</strong></span> <span class='ocrx_word' id='word_1_203' title='bbox 485 2100 523 2143; x_wconf 87' lang='lat' dir='ltr'><strong>ei</strong></span> <span class='ocrx_word' id='word_1_204' title='bbox 545 2100 708 2144; x_wconf 89' lang='lat' dir='ltr'><strong>dictum</strong></span> <span class='ocrx_word' id='word_1_205' title='bbox 730 2109 822 2144; x_wconf 86' lang='lat' dir='ltr'><strong>erat</strong></span> <span class='ocrx_word' id='word_1_206' title='bbox 842 2117 851 2142; x_wconf 90' lang='lat'>:</span> <span class='ocrx_word' id='word_1_207' title='bbox 871 2119 887 2138; x_wconf 88' lang='lat'>«</span> <span class='ocrx_word' id='word_1_208' title='bbox 904 2100 1076 2144; x_wconf 79' lang='lat' dir='ltr'><strong>Faciam</strong></span> <span class='ocrx_word' id='word_1_209' title='bbox 1096 2109 1135 2144; x_wconf 88' lang='lat' dir='ltr'><strong>te</strong></span> <span class='ocrx_word' id='word_1_210' title='bbox 1157 2102 1200 2144; x_wconf 89' lang='lat' dir='ltr'><strong>in</strong></span> <span class='ocrx_word' id='word_1_211' title='bbox 1216 2103 1355 2145; x_wconf 89' lang='lat' dir='ltr'><strong>Deum</strong></span> <span class='ocrx_word' id='word_1_212' title='bbox 1371 2103 1458 2161; x_wconf 88' lang='lat' dir='ltr'><strong>regi</strong></span> <span class='ocrx_word' id='word_1_213' title='bbox 1479 2101 1688 2146; x_wconf 67' lang='lat' dir='ltr'><strong>Phar-210⁸.</strong></span> <span class='ocrx_word' id='word_1_214' title='bbox 1708 2119 1726 2142; x_wconf 68' lang='lat' dir='ltr'><strong>a</strong></span> 
     </span>
     <span class='ocr_line' id='line_1_27' title="bbox 368 2170 1740 2232; baseline 0.001 -18"><span class='ocrx_word' id='word_1_215' title='bbox 368 2170 522 2214; x_wconf 82' lang='lat' dir='ltr'><strong>Adhuc</strong></span> <span class='ocrx_word' id='word_1_216' title='bbox 543 2171 672 2214; x_wconf 85' lang='lat' dir='ltr'><strong>homo</strong></span> <span class='ocrx_word' id='word_1_217' title='bbox 700 2179 814 2221; x_wconf 81' lang='lat' dir='ltr'><strong>erat,</strong></span> <span class='ocrx_word' id='word_1_218' title='bbox 837 2179 880 2214; x_wconf 88' lang='lat' dir='ltr'><strong>et</strong></span> <span class='ocrx_word' id='word_1_219' title='bbox 901 2171 996 2214; x_wconf 87' lang='lat' dir='ltr'><strong>ideo</strong></span> <span class='ocrx_word' id='word_1_220' title='bbox 1019 2172 1124 2215; x_wconf 87' lang='lat' dir='ltr'><strong>illud</strong></span> <span class='ocrx_word' id='word_1_221' title='bbox 1147 2173 1186 2215; x_wconf 91' lang='lat' dir='ltr'><strong>ei</strong></span> <span class='ocrx_word' id='word_1_222' title='bbox 1208 2172 1310 2216; x_wconf 89' lang='lat' dir='ltr'><strong>dicit</strong></span> <span class='ocrx_word' id='word_1_223' title='bbox 1333 2189 1343 2215; x_wconf 75' lang='grc' dir='ltr'><strong><em>ε</em></strong></span> <span class='ocrx_word' id='word_1_224' title='bbox 1366 2188 1588 2232; x_wconf 85' lang='lat' dir='ltr'><strong>processus</strong></span> <span class='ocrx_word' id='word_1_225' title='bbox 1614 2174 1740 2216; x_wconf 82' lang='lat' dir='ltr'><strong>eide-</strong></span> 
     </span>
     <span class='ocr_line' id='line_1_28' title="bbox 369 2241 1736 2291; baseline 0.002 -7"><span class='ocrx_word' id='word_1_226' title='bbox 369 2241 566 2290; x_wconf 78' lang='lat' dir='ltr'><strong>bebatur,</strong></span> <span class='ocrx_word' id='word_1_227' title='bbox 583 2249 632 2283; x_wconf 90' lang='lat' dir='ltr'><strong>ut</strong></span> <span class='ocrx_word' id='word_1_228' title='bbox 654 2241 696 2283; x_wconf 90' lang='lat' dir='ltr'><strong>in</strong></span> <span class='ocrx_word' id='word_1_229' title='bbox 719 2242 856 2284; x_wconf 84' lang='lat' dir='ltr'><strong>Deum</strong></span> <span class='ocrx_word' id='word_1_230' title='bbox 878 2241 1019 2291; x_wconf 84' lang='lat' dir='ltr'><strong>fierct;</strong></span> <span class='ocrx_word' id='word_1_231' title='bbox 1043 2251 1086 2286; x_wconf 88' lang='lat' dir='ltr'><strong>et</strong></span> <span class='ocrx_word' id='word_1_232' title='bbox 1111 2242 1206 2286; x_wconf 90' lang='lat' dir='ltr'><strong>ideo</strong></span> <span class='ocrx_word' id='word_1_233' title='bbox 1225 2244 1388 2286; x_wconf 87' lang='lat' dir='ltr'><strong>dictum</strong></span> <span class='ocrx_word' id='word_1_234' title='bbox 1403 2252 1466 2287; x_wconf 91' lang='lat' dir='ltr'><strong>est</strong></span> <span class='ocrx_word' id='word_1_235' title='bbox 1488 2245 1526 2287; x_wconf 90' lang='lat' dir='ltr'><strong>ei</strong></span> <span class='ocrx_word' id='word_1_236' title='bbox 1551 2259 1562 2287; x_wconf 77' lang='lat' dir='ltr'><strong><em>z</em></strong></span> <span class='ocrx_word' id='word_1_237' title='bbox 1581 2244 1644 2287; x_wconf 86' lang='lat' dir='ltr'><strong>De</strong></span> <span class='ocrx_word' id='word_1_238' title='bbox 1656 2244 1736 2287; x_wconf 77' lang='lat' dir='ltr'><strong>ho&#39;-</strong></span> 
     </span>
     <span class='ocr_line' id='line_1_29' title="bbox 369 2312 1736 2372; baseline 0.001 -16"><span class='ocrx_word' id='word_1_239' title='bbox 369 2312 484 2356; x_wconf 90' lang='lat' dir='ltr'><strong>mine</strong></span> <span class='ocrx_word' id='word_1_240' title='bbox 510 2312 615 2362; x_wconf 85' lang='lat' dir='ltr'><strong>dixi,</strong></span> <span class='ocrx_word' id='word_1_241' title='bbox 645 2312 797 2356; x_wconf 88' lang='lat' dir='ltr'><strong>desiste</strong></span> <span class='ocrx_word' id='word_1_242' title='bbox 818 2313 1003 2356; x_wconf 88' lang='lat' dir='ltr'><strong>hominis</strong></span> <span class='ocrx_word' id='word_1_243' title='bbox 1030 2314 1190 2358; x_wconf 82' lang='lat' dir='ltr'><strong>habere</strong></span> <span class='ocrx_word' id='word_1_244' title='bbox 1210 2324 1406 2372; x_wconf 82' lang='lat' dir='ltr'><strong>peccata,</strong></span> <span class='ocrx_word' id='word_1_245' title='bbox 1423 2324 1467 2359; x_wconf 84' lang='lat' dir='ltr'><strong>et</strong></span> <span class='ocrx_word' id='word_1_246' title='bbox 1489 2315 1650 2359; x_wconf 84' lang='lat' dir='ltr'><strong>videbis</strong></span> <span class='ocrx_word' id='word_1_247' title='bbox 1670 2316 1736 2359; x_wconf 55' lang='lat' dir='ltr'><strong>fa*-</strong></span> 
     </span>
     <span class='ocr_line' id='line_1_30' title="bbox 372 2384 1742 2438; baseline 0.003 -12"><span class='ocrx_word' id='word_1_248' title='bbox 372 2384 481 2436; x_wconf 86' lang='lat' dir='ltr'><strong>ciem</strong></span> <span class='ocrx_word' id='word_1_249' title='bbox 499 2397 664 2427; x_wconf 47' lang='lat' dir='ltr'><strong>meams</strong></span> <span class='ocrx_word' id='word_1_250' title='bbox 681 2385 766 2438; x_wconf 89' lang='lat' dir='ltr'><strong>Qui</strong></span> <span class='ocrx_word' id='word_1_251' title='bbox 788 2385 900 2428; x_wconf 88' lang='lat' dir='ltr'><strong>enim</strong></span> <span class='ocrx_word' id='word_1_252' title='bbox 918 2385 1069 2428; x_wconf 86' lang='lat' dir='ltr'><strong>faciem</strong></span> <span class='ocrx_word' id='word_1_253' title='bbox 1080 2401 1219 2429; x_wconf 86' lang='lat' dir='ltr'><strong>meam</strong></span> <span class='ocrx_word' id='word_1_254' title='bbox 1237 2387 1375 2436; x_wconf 84' lang='lat' dir='ltr'><strong>videt,</strong></span> <span class='ocrx_word' id='word_1_255' title='bbox 1402 2387 1530 2430; x_wconf 85' lang='lat' dir='ltr'><strong>debet</strong></span> <span class='ocrx_word' id='word_1_256' title='bbox 1549 2402 1640 2430; x_wconf 88' lang='lat' dir='ltr'><strong>esse</strong></span> <span class='ocrx_word' id='word_1_257' title='bbox 1652 2387 1742 2430; x_wconf 89' lang='lat' dir='ltr'><strong>sine</strong></span> 
     </span>
     <span class='ocr_line' id='line_1_31' title="bbox 371 2455 1742 2517; baseline 0.002 -19"><span class='ocrx_word' id='word_1_258' title='bbox 371 2464 563 2513; x_wconf 86' lang='lat' dir='ltr'><strong>peccato.</strong></span> <span class='ocrx_word' id='word_1_259' title='bbox 593 2455 676 2499; x_wconf 86' lang='lat' dir='ltr'><strong>Sed</strong></span> <span class='ocrx_word' id='word_1_260' title='bbox 695 2456 792 2513; x_wconf 87' lang='lat' dir='ltr'><strong>quia</strong></span> <span class='ocrx_word' id='word_1_261' title='bbox 805 2456 935 2499; x_wconf 75' lang='lat' dir='ltr'><strong>homo</strong></span> <span class='ocrx_word' id='word_1_262' title='bbox 957 2457 1049 2500; x_wconf 65' lang='lat' dir='ltr'><strong>sine,</strong></span> <span class='ocrx_word' id='word_1_263' title='bbox 1068 2466 1244 2516; x_wconf 84' lang='lat' dir='ltr'><strong>peccato</strong></span> <span class='ocrx_word' id='word_1_264' title='bbox 1262 2462 1352 2501; x_wconf 83' lang='lat' dir='ltr'><strong>esse</strong></span> <span class='ocrx_word' id='word_1_265' title='bbox 1369 2473 1454 2501; x_wconf 89' lang='lat' dir='ltr'><strong>non</strong></span> <span class='ocrx_word' id='word_1_266' title='bbox 1472 2461 1633 2517; x_wconf 84' lang='lat' dir='ltr'><strong>potest,</strong></span> <span class='ocrx_word' id='word_1_267' title='bbox 1645 2459 1742 2513; x_wconf 81' lang='lat' dir='ltr'><strong>ideo</strong></span> 
     </span>
     <span class='ocr_line' id='line_1_32' title="bbox 371 2524 1735 2585; baseline 0.003 -18"><span class='ocrx_word' id='word_1_268' title='bbox 371 2533 420 2568; x_wconf 91' lang='lat' dir='ltr'><strong>ut</strong></span> <span class='ocrx_word' id='word_1_269' title='bbox 447 2525 490 2567; x_wconf 92' lang='lat' dir='ltr'><strong>in</strong></span> <span class='ocrx_word' id='word_1_270' title='bbox 511 2524 591 2568; x_wconf 90' lang='lat' dir='ltr'><strong>Dei</strong></span> <span class='ocrx_word' id='word_1_271' title='bbox 615 2527 943 2583; x_wconf 86' lang='lat' dir='ltr'><strong>appellationem</strong></span> <span class='ocrx_word' id='word_1_272' title='bbox 971 2528 1102 2585; x_wconf 87' lang='lat' dir='ltr'><strong>possit</strong></span> <span class='ocrx_word' id='word_1_273' title='bbox 1125 2543 1370 2572; x_wconf 77' lang='lat' dir='ltr'><strong>excrescere</strong></span> <span class='ocrx_word' id='word_1_274' title='bbox 1385 2561 1397 2578; x_wconf 93' lang='lat'><strong>,</strong></span> <span class='ocrx_word' id='word_1_275' title='bbox 1425 2537 1735 2572; x_wconf 84' lang='lat' dir='ltr'><strong>commonetur.</strong></span> 
     </span>
     <span class='ocr_line' id='line_1_33' title="bbox 370 2596 1738 2658; baseline 0.003 -20"><span class='ocrx_word' id='word_1_276' title='bbox 370 2596 424 2639; x_wconf 88' lang='lat' dir='ltr'><strong>Et</strong></span> <span class='ocrx_word' id='word_1_277' title='bbox 445 2596 549 2653; x_wconf 88' lang='lat' dir='ltr'><strong>quid</strong></span> <span class='ocrx_word' id='word_1_278' title='bbox 578 2597 630 2639; x_wconf 86' lang='lat' dir='ltr'><strong>de</strong></span> <span class='ocrx_word' id='word_1_279' title='bbox 659 2597 736 2640; x_wconf 90' lang='lat' dir='ltr'><strong>Dei</strong></span> <span class='ocrx_word' id='word_1_280' title='bbox 768 2598 1047 2656; x_wconf 84' lang='lat' dir='ltr'><strong>appellatione</strong></span> <span class='ocrx_word' id='word_1_281' title='bbox 1078 2598 1250 2641; x_wconf 74' lang='lat' dir='ltr'><strong>dicam?</strong></span> <span class='ocrx_word' id='word_1_282' title='bbox 1278 2599 1377 2642; x_wconf 89' lang='lat' dir='ltr'><strong>Esto</strong></span> <span class='ocrx_word' id='word_1_283' title='bbox 1406 2598 1593 2658; x_wconf 82' lang='lat' dir='ltr'><strong>Angelus</strong></span> <span class='ocrx_word' id='word_1_284' title='bbox 1611 2623 1624 2649; x_wconf 75' lang='lat'><strong>,</strong></span> <span class='ocrx_word' id='word_1_285' title='bbox 1650 2598 1738 2642; x_wconf 87' lang='lat' dir='ltr'><strong>hoc</strong></span> 
     </span>
    </p>
   </div>
   <div class='ocr_carea' id='block_1_5' title="bbox 414 2685 1292 2739">
    <p class='ocr_par' dir='ltr' id='par_1_6' title="bbox 414 2685 1292 2739">
     <span class='ocr_line' id='line_1_34' title="bbox 414 2685 1292 2739; baseline 0.003 -18"><span class='ocrx_word' id='word_1_286' title='bbox 414 2694 423 2709; x_wconf 90' lang='lat'>¹</span> <span class='ocrx_word' id='word_1_287' title='bbox 446 2685 530 2721; x_wconf 83' lang='lat' dir='ltr'><strong>Psal.</strong></span> <span class='ocrx_word' id='word_1_288' title='bbox 548 2697 623 2728; x_wconf 65' lang='grc' dir='ltr'><strong>ΧΠ,</strong></span> <span class='ocrx_word' id='word_1_289' title='bbox 639 2698 668 2721; x_wconf 78' lang='lat'><strong>2.</strong></span> <span class='ocrx_word' id='word_1_290' title='bbox 685 2706 726 2714; x_wconf 90' lang='lat'><strong>—</strong></span> <span class='ocrx_word' id='word_1_291' title='bbox 747 2698 759 2714; x_wconf 78' lang='lat'><em>²</em></span> <span class='ocrx_word' id='word_1_292' title='bbox 775 2688 883 2723; x_wconf 82' lang='lat' dir='ltr'><strong>Exod.</strong></span> <span class='ocrx_word' id='word_1_293' title='bbox 899 2700 950 2729; x_wconf 81' lang='lat'><strong>111,</strong></span> <span class='ocrx_word' id='word_1_294' title='bbox 966 2690 998 2723; x_wconf 88' lang='lat'><strong>5.</strong></span> <span class='ocrx_word' id='word_1_295' title='bbox 1023 2707 1063 2726; x_wconf 79' lang='lat'><strong>—.-</strong></span> <span class='ocrx_word' id='word_1_296' title='bbox 1077 2691 1091 2715; x_wconf 84' lang='lat'>³</span> <span class='ocrx_word' id='word_1_297' title='bbox 1108 2689 1161 2723; x_wconf 86' lang='lat' dir='ltr'><strong>Id.</strong></span> <span class='ocrx_word' id='word_1_298' title='bbox 1180 2700 1242 2739; x_wconf 70' lang='lat' dir='ltr'><strong>yn,</strong></span> <span class='ocrx_word' id='word_1_299' title='bbox 1260 2700 1292 2725; x_wconf 85' lang='lat'><strong>1.</strong></span> 
     </span>
    </p>
   </div>
  </div>
 </body>
</html>
