1800 3236
375 314 435 369 34
923 327 956 357 s.
994 323 1187 355 Aunnosu

371 405 495 465 rique
515 406 618 450 dum
634 404 724 449 sine
739 403 898 464 judicio
910 404 1168 462 loquuntur,
1192 400 1372 445 verbum
1388 399 1609 455 emittunt,
1619 401 1738 460 quod

368 491 573 527 ,revocare
603 491 689 521 non
713 483 900 536 possunt.
931 475 1034 519 Ideo
1067 473 1130 518 vir
1161 473 1358 517 laudatur
1384 471 1545 526 serius,
1573 480 1622 519 ,et
1650 486 1737 527 aon

374 548 520 594 otiose.
544 548 642 594 Erat
664 547 791 592 homo
809 547 1072 590 abscondens
1093 559 1310 589 sermones
1327 545 1738 609 suos,11tapostolu2
1782 584 1791 595 ,

372 603 527 675 Paulus
540 650 552 668 ,
574 617 648 676 qui
676 617 793 661 novit
816 617 918 676 quid
938 618 1136 675 loquatur
1156 616 1330 675 singulis
1344 648 1356 667 ,
1379 623 1425 660 et
1444 615 1617 674 quando⁴
1635 614 1740 673 quid

370 690 488 749 loqui
510 690 674 735 debeat.
703 690 823 733 Unde
840 698 882 732 et
907 688 1136 732 Corinthiis
1154 688 1257 731 dicit
1276 705 1286 731 ς
1303 688 1423 753 «Lac
1444 687 1564 735 vobis
1589 695 1740 752 potum

372 779 391 806 a
405 760 517 813 dedi,
536 777 622 805 non
638 769 778 806 oscam
794 779 806 812 ;
830 761 1022 805 nondum
1039 760 1152 804 enim
1167 758 1372 820 poteratis
1386 776 1397 801 :
1411 761 1485 813 sed
1501 775 1582 813 noe
1597 759 1741 809 adhuc

372 831 571 890 »quidem
600 832 774 890 potestis
791 831 821 876 ¹.
858 833 996 875 »Ideo
1024 832 1101 878 hos
1129 831 1173 875 in
1204 831 1383 875 transitu
1412 830 1527 883 videt
1553 838 1743 877 :,manet

374 910 516 945 autem
545 904 658 961 apud
683 902 887 961 Ephesios
902 902 917 924 ²
934 920 946 953 ;
970 902 1085 960 quod
1107 903 1264 946 ostium
1285 901 1365 945 sibi
1393 915 1597 960 magnum
1618 916 1743 960 aper-

375 980 465 1016 tum
489 982 613 1024 esset,
636 981 786 1017 notum
807 973 945 1018 facere
965 973 1161 1032 gentibus
1178 971 1618 1032 mysteriumChristi·
1639 971 1743 1019 Ideo

371 1050 414 1087 et
433 1042 637 1088 Salomon
660 1053 827 1104 tempus
847 1045 1043 1096 tacendi,
1063 1054 1106 1090 et
1142 1054 1309 1104 tempus
1329 1059 1422 1088 esso
1435 1043 1646 1112 loquendi
1670 1041 1745 1087 do

374 1116 489 1166 cot³.

430 1184 611 1233 XXVII.
636 1187 733 1231 Prae
744 1188 907 1236 caeteris
929 1197 1070 1232 autom
1088 1187 1296 1233 Dominus
1311 1186 1468 1231 Jesus
1456 1203 1500 1233 ιιι
1517 1156 1745 1246 Evangelio

374 1251 558 1303 declarat
578 1273 672 1307 suo,
692 1259 836 1304 dicens
859 1259 996 1302 simile
1011 1274 1101 1302 esse
1118 1274 1298 1318 regnum
1319 1260 1526 1303 coelorum
1547 1258 1746 1321 thesauro

375 1327 624 1373 abscondito
637 1328 678 1370 in
693 1344 792 1387 agro
804 1328 834 1372 ⁶.
853 1330 1005 1387 Utique
1018 1346 1104 1373 non
1119 1345 1287 1380 aurum,
1301 1345 1386 1373 non
1399 1337 1639 1388 argentum,
1659 1339 1748 1381 non

371 1397 553 1454 pecunia
591 1400 829 1457 comparari
862 1409 1002 1458 potest
1033 1416 1165 1459 regno
1197 1402 1435 1444 coelorum:
1469 1401 1546 1444 sed
1574 1398 1747 1465 eloquia

372 1465 565 1518 Domini,
591 1470 760 1527 eloquia
786 1480 927 1522 casta,
952 1481 1175 1529 argentum
1197 1473 1294 1530 igne
1310 1472 1598 1518 examinatum
1615 1504 1630 1523 ,
1651 1471 1749 1529 qui÷

379 1538 460 1597 hus
479 1540 622 1598 ipsum
648 1558 830 1600 regnum
858 1544 1104 1601 acquiritur.
1131 1545 1255 1591 Hunc
1277 1560 1378 1603 ergo
1409 1544 1658 1608 thesaprum
1681 1559 1751 1596 sar·

377 1609 545 1670 pientiae
561 1620 605 1658 et
619 1613 874 1671 cognitionis
893 1615 1190 1658 absconditum
1209 1616 1250 1658 in
1270 1631 1386 1674 agro,
1402 1616 1444 1659 in
1460 1631 1547 1674 quo
1562 1616 1751 1680 plantata

377 1690 476 1731 sunt
490 1682 618 1725 verba
636 1683 953 1741 Scripturarum
969 1685 1206 1732 caelestium
1220 1719 1231 1735 ,
1250 1700 1350 1729 eum
1368 1687 1576 1735 invenerit
1598 1686 1751 1738 homo,

380 1750 601 1794 abscondit
635 1752 753 1794 illum
775 1753 817 1804 in
849 1755 978 1797 corde
1003 1771 1100 1803 suo,
1124 1771 1204 1799 nec
1230 1756 1418 1815 divulgat
1449 1773 1548 1800 eum
1568 1773 1581 1798 z
1613 1757 1752 1810 sciens

382 1819 480 1878 quia
504 1820 542 1864 si
571 1821 847 1880 divulgaverit
866 1825 1130 1882 Babyloniis*
1146 1827 1392 1870 thesaurum
1418 1828 1522 1879 Dei,
1553 1842 1752 1887 maguam

383 1890 587 1945 offensam
619 1894 874 1955 contrahet3
900 1904 948 1938 ut
977 1895 1143 1939 dicatur
1171 1898 1207 1940 ei
1238 1904 1435 1942 sermone
1464 1901 1750 1959 propheticos

395 1979 412 2004 ι
432 1961 495 2005 De
521 1963 681 2006 semine
706 1972 776 2007 tuo
806 1965 1040 2023 accipient,
1065 1976 1108 2011 et
1134 1967 1290 2012 sacient
1312 1972 1520 2028 spadones
1550 1972 1601 2019 in
1614 1973 1753 2023 domo

387 2049 403 2072 »
417 2032 553 2090 rogis⁵
562 2065 572 2076 .
596 2052 612 2074 ιι
624 2034 703 2077 Pei
726 2051 817 2092 quae
835 2036 1094 2093 significatur
1110 2038 1206 2095 quia
1223 2039 1256 2082 is
1273 2040 1345 2097 qui
1361 2042 1597 2108 prodiderit
1613 2043 1755 2093 divim

388 2102 615 2161 mysteria,
638 2105 929 2162 posteritatem
952 2107 1100 2150 animae
1116 2124 1224 2159 suae,
1243 2111 1605 2171 seminariumque
1626 2112 1756 2167 meris·-

391 2180 532 2223 torum
553 2173 711 2217 habere
732 2191 818 2218 non
845 2177 988 2234 possit.

453 2243 652 2289 XXVIII.
691 2246 801 2289 Cave
820 2263 920 2306 ergo
943 2264 997 2293 ne
1013 2250 1176 2294 divitias
1194 2260 1285 2296 tuas
1307 2254 1481 2312 perfidis
1501 2217 1687 2316 prodas·
1701 2223 1763 2309 eti

380 2314 430 2360 —si
458 2315 685 2359 amicitiam
705 2317 929 2370 simulent,
959 2334 1045 2363 non
1075 2321 1155 2364 illis
1187 2324 1348 2382 aperias
1376 2326 1576 2374 interiora
1604 2333 1760 2391 domus

398 2395 503 2436 tuae,
527 2402 613 2429 non
645 2402 804 2431 reseres
839 2390 1056 2435 thesauros
1084 2394 1246 2452 regios,
1270 2410 1374 2453 quos
1401 2393 1626 2465 Babylonii
1646 2404 1765 2450 scire,

400 2472 486 2502 non
503 2458 683 2509 debean
711 2475 765 2503 ne
785 2462 954 2506 veniant
975 2472 1018 2506 et
1036 2466 1204 2523 capiant
1223 2479 1412 2536 posteros
1428 2480 1548 2524 tuos,
1564 2484 1609 2520 et
1628 2477 1766 2522 semi-2

399 2526 565 2572 narium
585 2528 751 2573 virtutis
774 2531 1034 2585 abscindant.
1062 2535 1155 2580 Hoc
1176 2547 1239 2582 ost
1262 2532 1378 2597 quod
1399 2542 1528 2590 otiam
1551 2545 1601 2591 in-
1615 2546 1756 2593 Evan-

422 2639 453 2658 ι
477 2632 1115 2683 10052112.-·1d.w,8,9‚-—³
1133 2641 1359 2689 Eccle.'1n,7.
1378 2664 1420 2672 —
1443 2646 1592 2683 ⁴Matth.
1609 2640 1754 2692 muss-

396 2702 437 2711 —
455 2687 469 2710 ¹
485 2685 565 2721 lsai,
579 2699 734 2733 xxx1x‚7.
