1800 3236
376 290 460 334 172
711 297 729 321 ,·
921 291 953 319 S·
995 291 1184 320 AMBRosu

373 369 654 419 contendunt,
672 370 843 427 quando
863 370 1003 413 nullus
1026 369 1184 413 arbiter
1205 371 1340 429 culpae
1356 404 1367 421 ,
1386 371 1526 416 nullus
1546 370 1736 417 criminis

373 438 584 489 conscius,
619 441 760 483 nullus
803 448 943 498 potest
974 455 1065 484 esse
1103 440 1259 484 erroris
1292 441 1423 501 testis.
1459 441 1583 485 Tunc
1603 443 1739 486 varias
1798 459 1800 488 3

373 509 697 568 disceptationes
729 511 892 569 pectori
927 511 1195 555 dormitantis
1226 502 1491 562 infundunt3
1527 521 1575 557 ut
1600 513 1738 572 primo

376 582 437 624 de>
454 573 565 626 statu
587 583 740 625 mentis
773 582 976 641 dejiciant
998 584 1295 633 reluctantem,
1327 592 1371 627 et
1401 584 1640 642 aliquorum
1668 585 1741 643 qui
1799 605 1800 624 t

376 651 511 695 sancti
550 652 781 702 habentur,
824 662 1088 712 proponatur
1119 656 1387 713 exemplum,
1431 656 1549 713 quod
1576 655 1636 698 illi
1666 657 1762 698 ali-ff

374 723 544 780 quando
582 723 851 780 deliquerint,
896 724 971 767 sed
1009 732 1155 783 postea
1191 725 1359 768 veniam
1397 725 1480 768 sint
1506 725 1666 784 adepti,
1699 733 1743 768 et

340 784 346 790 ’
376 793 558 838 texerint
590 794 807 852 superiora
838 795 1005 839 delicta.
1037 795 1143 839 Nam
1169 795 1247 838 etsi
1278 810 1450 845 omnem
1479 796 1744 839 emendatio-

374 880 473 908 nem
497 865 630 908 nostri
652 865 850 908 inimicus
871 881 1021 909 exosus
1050 865 1129 915 sit;
1153 874 1296 909 tamen
1327 865 1380 908 ad
1402 874 1571 924 tempus
1586 898 1598 916 ‚
1616 873 1665 908 ut
1681 881 1747 909 so-

374 935 476 979 briae
500 935 652 979 mentis
684 935 820 979 virum
852 937 986 995 possit
1010 936 1184 987 elidere,
1220 936 1447 995 praetendit
1469 936 1659 980 suturam
1678 937 1723 980 in

377 1006 662 1063 dulgentiam,
687 1015 735 1049 ut
755 1002 979 1065 praesentia
995 998 1166 1066 peccata
1187 1008 1439 1065 persuadeat
1457 1039 1468 1055 ,
1489 1015 1532 1050 et
1548 1001 1648 1050 cuni·
1665 1007 1746 1050 im-

376 1076 532 1133 pulerit
556 1077 738 1135 aliquem
762 1078 814 1121 ad
834 1078 991 1122 erroris
1029 1093 1243 1122 assensum
1260 1109 1271 1125 ,
1306 1077 1340 1120 si
1362 1077 1514 1120 viderit
1541 1092 1638 1120 eum
1662 1077 1748 1134 jam

376 1161 461 1188 non
496 1162 639 1190 amore
674 1148 838 1191 virtutis
876 1164 898 1191 a
922 1150 1067 1207 culpa,
1108 1150 1181 1191 sed
1217 1161 1353 1206 poenae
1387 1147 1751 1205 contemplatione

380 1218 590 1268 revocari,
632 1218 778 1261 inserit
819 1219 954 1262 varias
993 1219 1321 1277 disceptationes
1344 1251 1356 1267 ‚
1395 1225 1443 1260 ut
1477 1218 1591 1260 dicat
1627 1217 1708 1260 sibi
1738 1233 1749 1260 ι

392 1307 407 1326 «
419 1288 524 1341 Quis
542 1305 610 1332 me
627 1289 767 1332 videt?
782 1299 824 1333 et
846 1291 1030 1334 tenebrae
1052 1291 1320 1345 circumdant
1335 1304 1422 1338 me,
1446 1296 1491 1331 et
1511 1288 1747 1347 parietes...

382 1378 397 1397 ν)
414 1374 541 1416 quem
562 1360 734 1402 vereor¹
751 1360 799 1402 Ρ»
820 1360 916 1404 Non
934 1360 1047 1404 videt
1062 1361 1319 1409 Altissimus,
1347 1373 1436 1403 non
1455 1360 1509 1402 acl
1527 1373 1626 1407 eum
1652 1373 1754 1417 pec-

385 1439 477 1473 cata
494 1438 636 1473 nostra
665 1432 935 1489 perveniunt,
960 1448 1046 1475 non
1070 1433 1268 1491 dignatur
1289 1439 1480 1490 spectare
1496 1445 1589 1488 quae
1613 1430 1755 1488 turpia

386 1509 496 1543 sunt.
538 1501 638 1544 Haec
672 1502 818 1560 utique
854 1519 936 1553 usu,
960 1505 1241 1561 exemp-loque
1273 1494 1596 1561 cognoscimus;
1630 1516 1756 1544 nemo
1782 1521 1791 1525 2

385 1571 498 1614 enim
521 1581 660 1629 potest
683 1589 775 1617 esse
799 1590 950 1633 expers
973 1575 1231 1618 tentationis.

445 1643 617 1688 XLVII.
655 1645 805 1702 Itaque
828 1653 877 1687 ut
909 1653 1077 1702 tempus
1098 1645 1186 1688 hoe
1201 1643 1344 1687 habile
1366 1652 1430 1687 est
1447 1642 1719 1688 tentamentis
1745 1657 1757 1686 ε

387 1712 445 1754 ita
463 1712 591 1755 etiam
608 1722 776 1772 tempus
793 1724 857 1758 est
871 1730 1022 1772 poenae,
1049 1715 1165 1772 quod
1181 1730 1232 1756 ex
1252 1714 1436 1757 lectione
1453 1713 1591 1756 divina
1615 1728 1771 1779 possut

385 1798 480 1826 mus
506 1783 693 1827 edoceri.
724 1783 817 1828 Non
840 1784 953 1827 enim
980 1785 1114 1832 otiose
1133 1783 1340 1828 Dominus
1361 1783 1476 1826 Deus
1497 1791 1642 1826 noster
1661 1797 1762 1824 cum

385 1862 528 1911 posset
549 1869 822 1912 quocumque
843 1863 1062 1897 momento
1084 1854 1296 1913 primitiva
1315 1853 1614 1912 AEgyptiorum
1630 1852 1763 1896 extin-

387 1939 541 1982 guere3
566 1924 649 1967 hoc
670 1933 815 1968 tamen
838 1933 1004 1984 tempus
1033 1925 1170 1969 dolori
1197 1933 1240 1967 et
1261 1924 1397 1967 luctui
1418 1923 1660 1982 peccatoris
1683 1939 1763 1980 op-

390 1995 612 2051 portunius
638 1995 858 2052 judicavit.
894 1996 964 2038 Sic
997 1995 1110 2038 enim
1132 1995 1339 2053 scriptum
1368 2002 1454 2043 ost,
1491 1993 1589 2051 quia
1624 1991 1763 2036 media
1799 2012 1800 2017 ¹

386 2074 514 2109 nocto
541 2066 810 2125 primogeniti
848 2068 1146 2125 AEgyptiorum
1177 2067 1300 2110 liberi
1331 2067 1382 2108 ab
1429 2064 1763 2116 exterminatore
1799 2083 1800 2114 3

392 2137 476 2180 sint
507 2137 752 2195 interempti
780 2137 811 2180 ².
844 2137 1034 2195 Ideoque
1063 2145 1234 2180 sanctus
1269 2138 1435 2195 Moyses
1461 2135 1693 2195 propheta,
1716 2142 1764 2178 ut

391 2207 474 2251 hoc
501 2209 752 2266 praeveniret
779 2217 970 2266 tempus,
996 2223 1054 2251 ac·
1067 2208 1156 2250 sine
1175 2208 1453 2251 Ilehraeorum
1473 2206 1623 2249 fraude
1647 2215 1764 2249 tran-
1799 2198 1800 2235 ]

392 2279 513 2328 siret,
544 2294 696 2337 agnum
722 2289 820 2323 ante
841 2279 1100 2329 immolavit,
1127 2279 1210 2322 hoc
1234 2287 1322 2327 est,
1354 2278 1540 2336 vesperi;
1567 2284 1615 2320 ut
1640 2275 1763 2320 man-
1799 2332 1800 2338 1

388 2351 592 2392 ducantes
615 2366 713 2393 eum
733 2385 743 2401 ‚
768 2360 810 2394 et
832 2351 988 2408 pascha
1010 2349 1185 2392 Domini
1207 2349 1471 2392 celebrantes
1487 2380 1499 2398 ,
1523 2363 1612 2391 non
1635 2362 1765 2392 occu-

391 2430 594 2478 parentur
638 2422 976 2466 exterminatoris
1012 2422 1193 2471 insidiis;
1221 2421 1494 2463 nedum-mes
1531 2428 1574 2462 et
1605 2419 1763 2464 vacuos

394 2491 591 2549 spiritalis
613 2493 801 2537 alimenti
819 2501 1027 2537 nocturna
1049 2493 1208 2551 spicula
1234 2491 1444 2536 tenebrosi
1461 2490 1598 2539 hostis
1619 2489 1764 2550 oppri-

396 2571 575 2612 merent.

446 2660 454 2676 ¹
475 2652 576 2697 Eccliq
598 2656 759 2697 xx131,25‚
777 2657 826 2695 ,26-
842 2674 882 2684 -ν
902 2665 913 2681 ²
932 2655 1038 2697 Exod.
1054 2667 1114 2698 x«,
1140 2667 1195 2703 29·
1219 2690 1223 2694 a
