1800 3236
392 296 485 340 3502
758 326 761 330 f
823 324 825 329 ·
955 308 990 338 s.
1028 307 1221 338 annosi!

393 391 521 436 etiam
546 398 762 434 tonsarum
791 387 1027 431 animarum
1058 402 1254 446 gregem,
1290 385 1372 429 hoc
1401 394 1490 434 est.
1528 386 1762 431 multarum

403 461 640 508 animarum
672 459 847 502 virtutes
885 458 1017 501 habet
1048 466 1193 501 sancta
1225 457 1434 506 Ecclesia,
1459 456 1502 500 in
1531 463 1618 514 quo'
1641 471 1769 516 grego

398 531 504 576 nihil
534 531 666 591 possis
695 529 938 573 insensibile
973 529 1159 587 reperire
1193 527 1309 586 (47),
1341 527 1447 572 nihil
1472 526 1735 586 superfluum
1753 544 1766 581 ς

397 603 597 663 quoniam
630 601 733 644 fides
769 599 978 658 sapientes
1006 599 1133 650 fecit,
1161 599 1358 658 spiritalis
1390 606 1531 643 autem
1559 598 1692 658 gratia
1718 598 1771 643 ab

393 673 510 717 omni
532 671 854 731 superfluorum
883 670 980 713 labe
1003 669 1239 713 mundavit.

424 796 425 799 Ἰ
460 742 600 787 XXV.
635 741 786 787 Merito
808 740 938 800 igitur
962 742 1156 784 revelatae
1180 748 1279 784 sunt
1294 740 1449 784 animae
1470 739 1681 798 justorum
1697 773 1708 790 ,
1731 747 1775 785 et

397 815 591 858 revelatae
610 829 632 860 a
654 821 802 856 monte
823 812 998 862 Galaad,
1033 811 1116 855 hoe
1138 819 1226 862 est,
1256 827 1279 855 a
1301 806 1676 870 transmigratione
1696 819 1775 854 tes-

399 885 585 934 timonii;
613 900 664 927 eo
690 885 806 942 quod
836 898 858 926 a
882 882 1186 941 Synagoga‘ad
1216 882 1451 926 Ecclesiam
1477 881 1776 926 testimonium

400 957 573 1003 coeleste
593 954 803 1014 migravit.
831 955 878 997 In
895 952 978 996 hoc
1000 953 1142 1010 itaque
1155 960 1300 996 monte
1318 952 1508 997 nascitur
1524 952 1774 1011 thymiama,

403 1023 540 1068 resina
555 1057 566 1076 ,
592 1033 634 1068 et
662 1024 804 1068 caeteri
822 1026 972 1067 odores
987 1057 998 1072 ‚
1017 1039 1122 1082 quos
1146 1023 1430 1081 negotiatores
1447 1023 1507 1070 illi
1527 1022 1775 1073 lsmaelitaeu,

405 1104 451 1138 ut
472 1094 603 1143 habes
628 1095 668 1139 in
688 1095 825 1154 primo
842 1095 951 1137 libro
972 1094 1231 1138 Testamenti
1242 1093 1405 1139 Veteris
1420 1094 1432 1115 ¹
1452 1126 1465 1145 ,
1485 1113 1501 1135 ι
1515 1092 1774 1138 deferebant.

402 1168 488 1212 Hos
514 1168 664 1211 odores
689 1167 818 1210 habet
840 1166 1029 1210 Ecclesia
1045 1199 1057 1217 ,
1087 1182 1193 1224 quos
1223 1174 1485 1209 mercatores
1508 1181 1561 1210 ex
1580 1164 1780 1223 gentibus

407 1237 677 1296 congregati,
703 1237 786 1279 fide
801 1238 848 1280 et*
866 1237 1093 1281 devotione
1104 1245 1323 1282 vexerunt.
1345 1237 1496 1294 Itaque
1517 1235 1628 1280 sicut
1644 1248 1780 1294 caprm

405 1309 527 1352 bonis
550 1309 717 1351 resectae
745 1307 849 1351 cibis
864 1341 874 1356 ,
894 1317 936 1351 et
960 1308 1057 1351 solis
1079 1309 1219 1351 calore
1246 1316 1496 1356 vernantes,
1521 1308 1717 1351 lavantur
1737 1305 1781 1348 in

409 1380 587 1423 flumine
602 1413 613 1431 ,
638 1388 681 1422 et
702 1381 938 1423 exultantes
967 1382 1137 1423 mundae
1157 1387 1386 1438 resurgunt
1413 1380 1464 1422 de
1485 1378 1662 1425 flumine
1690 1393 1701 1421 :
1725 1377 1783 1423 ita

354 1485 360 1489 ·
412 1452 560 1496 animae
585 1451 797 1509 justorum
819 1453 1054 1495 ascendunt
1075 1452 1126 1495 ab
1149 1451 1327 1510 spiritali
1345 1452 1526 1494 lavacro.

467 1521 627 1567 XXVI.
665 1522 758 1565 lstae
783 1530 884 1566 sunt
900 1537 1000 1565 vere
1017 1537 1120 1582 'quae
1143 1521 1333 1580 geminos
1357 1529 1526 1570 creant.
1549 1519 1592 1565 in
1626 1518 1781 1577 quibu!

345 1595 350 1600 ’
405 1608 490 1637 non
511 1601 574 1636 est
595 1592 892 1636 insoecunditas
917 1592 1054 1659 aliqua
1073 1593 1296 1645 virtutum,
1320 1592 1516 1641 sterilitas
1539 1592 1625 1637 ulla
1650 1590 1781 1636 meri*

408 1674 564 1709 torum.
601 1665 717 1709 Bene
744 1664 938 1723 geminos
972 1673 1141 1715 creant3
1180 1664 1277 1723 quia
1312 1663 1614 1723 congeminant
1632 1677 1781 1709 sensus

403 1751 511 1779 suos,
547 1736 666 1778 Unde
693 1735 824 1778 habes
850 1735 893 1778 in
922 1735 1162 1779 Proverbiis
1183 1736 1390 1793 scriptum
1414 1751 1458 1776 z«
1479 1734 1532 1777 Et
1552 1741 1600 1778 tu
1638 1732 1779 1779 scribe·

411 1807 531 1858 »haec
553 1806 631 1851 tibi
655 1805 893 1865 tripliciter,
920 1806 962 1849 in
986 1806 1185 1856 consilio,
1205 1806 1309 1850 etin
1336 1805 1578 1864 cognitione
1597 1803 1628 1848 ².
1653 1803 1779 1851 »Tri-

405 1877 558 1937 plicem
580 1872 781 1936 praemisit
804 1877 1092 1936 scriptionem,
1113 1886 1156 1920 et
1182 1878 1267 1920 duo
1291 1875 1482 1920 subdidit
1495 1892 1508 1925 ς
1532 1874 1775 1926 consilium,

406 1957 450 2002 et
473 1948 758 2008 cognitionem
786 1963 795 1991 :
824 1950 898 1992 sed
932 1948 1117 2008 cognitio
1154 1947 1321 2006 gemina
1344 1955 1442 1992 est.
1433 1962 1443 1971 ·
1467 1961 1551 1990 una
1584 1945 1777 2004 incorpo-
1798 1956 1800 1982 ὲ

410 2019 589 2069 milium,
615 2020 745 2063 altera
769 2018 1070 2078 corporalium.

461 2090 640 2137 XXVII.
675 2091 865 2134 Diximus
884 2092 936 2134 de
958 2089 1265 2151 foecunditate·
1285 2088 1476 2132 dicamus
1491 2087 1543 2132 de
1560 2086 1774 2133 dentibus

404 2163 509 2208 Nam
522 2171 565 2206 et
585 2161 826 2222 navigantes
840 2162 1048 2222 plerique,
1067 2170 1109 2205 ct
1119 2169 1396 2222 properantes
1417 2159 1568 2208 itinere
1584 2167 1772 2210 terreno,

404 2232 480 2276 ubi
496 2232 678 2276 viderint
694 2233 932 2291 speciosum
951 2231 1131 2290 aliquem
1146 2233 1312 2282 locum,
1332 2229 1624 2275 delectationis
1640 2229 1772 2288 gratia

401 2305 701 2355 demorantur,
729 2312 910 2363 pascunt
938 2304 1107 2354 oculos,
1146 2303 1422 2361 animumque
1453 2303 1659 2352 allevant3
1691 2314 1771 2350 nec

403 2390 523 2418 mora
555 2375 640 2418 ulla
673 2374 941 2418 commeandi
973 2382 1166 2433 putatur,
1197 2375 1270 2417 sed
1301 2373 1460 2433 gratia:
1491 2372 1548 2416 ita
1578 2376 1622 2415 et
1646 2370 1770 2416 nobis

401 2445 711 2504 pulcherrimos
767 2447 912 2489 dentes
953 2443 1162 2502 justarum
1205 2443 1444 2487 animarum
1498 2441 1784 2487 considerare<

402 2516 522 2560 cordi
538 2524 614 2559 est.
636 2515 793 2560 Docuit
813 2514 927 2558 enim
944 2513 1164 2574 Scriptura
1179 2514 1492 2574 pulcherrimos
1513 2514 1662 2557 dentes
1676 2525 1768 2555 esse

399 2585 627 2646 justorum,
652 2586 797 2631 dicens
816 2587 1054 2631 secuudum
1063 2585 1250 2630 litteram
1268 2583 1441 2644 quidem
1458 2585 1511 2629 de
1527 2579 1766 2643 patriarcha

445 2690 454 2707 ¹
476 2682 559 2716 Gen.
576 2692 701 2722 xxxvii,
720 2683 772 2716 25.
787 2700 827 2708 --
841 2690 853 2706 ³
870 2681 967 2716 Pron
987 2690 1067 2718 xm,
1086 2690 1138 2713 πο.
