1800 3236
327 309 414 363 390
877 318 909 349 s.
947 318 1141 348 Annaosu

321 401 467 443 dorem
498 396 569 455 qui
597 395 796 440 scintillet
821 395 863 438 in
889 395 1039 439 animis
1063 396 1352 448 audientium,
1386 400 1454 444 vel
1482 399 1690 446 indicium

321 469 538 529 passionis.
571 469 691 511 Unde
710 475 752 509 et
777 466 872 508 alibi
897 467 953 510 ait
975 467 1138 527 Sponsa
1158 486 1167 512 ι
1185 487 1200 508 «
1224 468 1352 512 Labia
1374 470 1467 529 ejus
1495 472 1581 516 lilia
1601 473 1688 517 dis-

318 559 335 582 »
352 540 525 587 tillantia
546 537 764 597 myrrham
790 539 959 595 plenam
977 538 1013 585 ¹.
1047 558 1062 580 ι
1090 540 1171 583 Per
1197 541 1416 598 myrrham
1447 543 1562 586 enim
1593 556 1693 602 pas-.-
1717 600 1722 604 ,

323 600 450 656 sionis
467 617 749 669 unguentum,
769 617 812 652 et
828 610 1152 655 resurrectionis
1169 612 1300 670 gratia
1320 612 1576 666 declaratur,
1597 627 1692 674 quse

322 682 556 726 redivivum
589 681 683 724 vitae
715 681 889 725 odorem
917 682 1128 727 suscitatis
1158 692 1428 727 mortuorum
1458 685 1692 730 visceribus

321 752 519 800 infundit.
546 751 694 797 Merito
718 751 844 809 igitur
867 753 1038 810 alloquii
1064 753 1157 811 ejus
1178 755 1391 814 accipiens
1411 756 1697 810 suavitatem,

323 826 564 869 exclamans
593 822 756 881 Sponsa
783 831 986 869 testatur:
1013 842 1028 863 α
1054 824 1224 869 Fauces.
1239 825 1332 884 ejus
1353 826 1624 880 dulcedines,
1648 837 1695 874 et.

322 915 338 934 »
355 902 467 940 totus
487 893 744 939 desiderium
760 893 790 938 ².
813 913 829 935 ι»
1496 913 1498 915 ·

379 964 542 1012 XXIII.
581 965 781 1023 Sequitur
802 978 945 1009 versus
967 966 1166 1024 quintus:
1187 986 1203 1008 a
1220 967 1246 1011 J
1251 970 1509 1031 uvenissum
1531 975 1628 1030 egb,
1647 979 1692 1017 et

322 1054 338 1076 »
353 1038 577 1096 despectus
597 1052 606 1079 :
626 1035 951 1094 justificationes
971 1046 1063 1082 tuas
1084 1052 1170 1082 non
1186 1054 1280 1082 sum
1298 1039 1499 1085 oblitus&
1522 1038 1695 1086 »Multis

320 1116 589 1157 sanctorum,
622 1107 694 1165 qui
718 1123 739 1150 a
767 1107 903 1165 prima
934 1110 1215 1153 adolescentia
1244 1113 1462 1156 exercitati
1489 1121 1589 1157 sunt
1618 1115 1695 1157 du-

323 1179 379 1226 ris
395 1179 612 1225 laboribus
627 1211 639 1228 ,
662 1187 801 1237 potest
816 1179 886 1223 hic
908 1181 1141 1225 versiculus
1165 1183 1406 1226 convenire.
1437 1182 1543 1228 Nam
1559 1192 1602 1228 et
1622 1175 1695 1228 Jo-

323 1250 428 1310 seph
460 1265 558 1294 cum
599 1265 622 1292 a
654 1249 852 1295 fratribus
883 1250 1026 1307 junior
1059 1252 1102 1297 in
1138 1253 1368 1311 AEgyptum
1406 1255 1692 1308 venderetur,

323 1319 469 1379 junior
492 1327 606 1373 erat,
630 1328 673 1363 et
695 1322 946 1379 despectus,
975 1323 1046 1379 qui
1070 1324 1123 1368 ad
1144 1325 1354 1367 servitutis
1375 1325 1577 1383 injuriam
1597 1338 1706 1372 'ven-¹

326 1391 534 1436 debatur:
560 1399 603 1435 et
622 1400 765 1449 postea
795 1407 894 1435 cum
921 1394 1157 1451 productus
1179 1410 1202 1438 e
1224 1410 1421 1447 carcere,
1446 1398 1695 1457 praepositus

323 1462 523 1523 AEgypto‚
542 1461 707 1520 populis
728 1461 937 1507 frumenta
962 1463 1183 1514 divideret,
1208 1465 1408 1510 fratribus
1430 1466 1566 1511 vicem
1587 1468 1699 1527 inju-

322 1532 394 1576 riae
418 1547 503 1575 non
521 1531 712 1581 referret,
737 1533 812 1576 scd
833 1534 974 1579 refuso
992 1536 1129 1593 pretio
1152 1537 1349 1581 alimenta
1368 1540 1563 1590 donaret,
1582 1541 1698 1585 seni-

322 1603 407 1647 lem
430 1602 560 1662 patris
578 1618 600 1647 a
615 1602 728 1648 fame
751 1612 876 1661 atque
894 1604 1060 1662 jejunio
1082 1606 1318 1651 vindicaret
1332 1617 1518 1660 aetatem,
1543 1626 1696 1655 eun-ue

323 1689 406 1736 que
438 1673 662 1719 summisso
684 1706 695 1722 ,
730 1674 880 1718 obvius
900 1706 911 1726 ,
943 1684 987 1719 et
1016 1676 1321 1722 famulantibus
1349 1680 1513 1724 caeteria
1547 1677 1698 1741 ampla}

322 1746 542 1804 potestatis
569 1745 829 1803 insignibus,
855 1748 1071 1798 adoraret.
1098 1748 1192 1805 jure
1214 1750 1405 1795 dicebat:
1423 1752 1607 1797 «Junior
1618 1765 1709 1814 egu-⁴

321 1836 338 1856 »
353 1831 464 1866 sum,
479 1823 522 1858 et
538 1817 763 1875 despectus
785 1831 795 1861 τ
813 1816 1140 1874 justificationes
1161 1829 1252 1864 tuas
1268 1836 1354 1865 non
1369 1838 1462 1866 sum
1480 1819 1685 1868 oblitus.»

382 1885 540 1932 XXIV.
579 1887 671 1944 Ipse
685 1886 823 1930 David
843 1903 1014 1946 quoque
1032 1889 1175 1947 junior
1196 1891 1418 1942 fratribus,
1445 1908 1543 1937 cum
1564 1893 1697 1954 patris

324 1971 421 2002 oves
439 1965 632 2015 pasceret
647 1965 850 2015 tanquam
866 1960 936 2003 vili
957 1960 1175 2019 ablegatus
1188 1963 1409 2020 obsequio.
1423 1979 1508 2008 non
1525 1966 1696 2010 oblatus

322 2035 386 2074 est
415 2027 648 2077 sacerdoti,
682 2028 800 2085 quasi
826 2029 1024 2088 indignus
1048 2031 1120 2088 qui
1150 2042 1380 2091 ungeretur
1408 2035 1451 2078 iu
1482 2048 1694 2096 reguum!

326 2098 398 2140 sed
415 2112 438 2139 a
459 2097 679 2140 sacerdote
694 2099 909 2155 quaesitus,
943 2109 986 2145 et
1003 2102 1233 2146 accersitus
1249 2119 1270 2146 a
1286 2105 1470 2162 pascuis,
1490 2119 1707 2166 praeroga·-

325 2167 454 2211 tivam
478 2167 602 2225 regiae
629 2169 844 2213 unctionis
871 2172 1047 2229 accepit.
1079 2172 1229 2218 Postea
1258 2190 1428 2234 quoque
1448 2189 1696 2237 progressus
1726 2167 1729 2170 Δ

326 2239 380 2284 ad
398 2238 557 2282 bellum
574 2271 585 2289 ‚
607 2253 707 2283 cum
728 2236 869 2283 Golias
890 2250 1028 2287 totum
1048 2246 1258 2302 ‘populum
1276 2246 1525 2292 Judaeorum
1546 2264 1696 2309 corpo-

324 2309 381 2353 ris
403 2310 468 2353 sui
497 2311 610 2353 mole
634 2312 869 2369 despiciens
885 2344 896 2364 ‚
929 2314 1131 2373 singulari
1158 2319 1388 2362 certamine
1414 2330 1689 2378 provocaret,

327 2379 573 2424 timentibus
597 2381 784 2432 caeteris,
809 2383 1002 2442 poposcit
1023 2400 1045 2428 a
1073 2400 1190 2444 rege,
1215 2396 1262 2430 ut
1291 2391 1593 2448 congrediendi
1614 2392 1694 2436 sibi

324 2451 590 2508 permitteret
613 2451 872 2497 facultatem.
908 2455 1099 2499 Necdum
1126 2458 1297 2514 quidem
1329 2468 1445 2504 tanto
1472 2455 1706 2507 certamini>

324 2520 477 2564 habilis
499 2523 729 2566 aestimatus
750 2532 829 2573 est,
847 2540 946 2584 rege
963 2527 1153 2572 dicente:
1171 2547 1187 2568 α
1206 2529 1298 2573 Non
1321 2540 1441 2590 potes
1464 2533 1524 2576 ire
1543 2535 1596 2577 ad
1615 2534 1694 2578 Al-

320 2609 337 2630 »
349 2591 591 2650 lophylum.
606 2601 648 2636 et
663 2609 853 2652 pugnare
869 2611 966 2641 cum
984 2612 1059 2647 eo;
1079 2600 1279 2656 quoniam
1299 2610 1342 2645 tu
1364 2620 1471 2663 puer
1483 2620 1544 2660 es,
1558 2615 1606 2657 et
1618 2606 1692 2653 ille

320 2681 379 2725 fflt
401 2681 499 2716 cnm.
516 2695 547 2722 v,
569 2686 618 2719 25.
638 2704 679 2712 --·
701 2697 713 2712 ⁸
726 2679 821 2723 thid.
839 2689 890 2723 16.
907 2708 948 2714 —
967 2691 980 2714 ³
998 2689 1084 2723 Psal.
1102 2701 1225 2730 cxvm,
1249 2692 1318 2732 ¹41·
