1800 3236
388 317 407 351 1
419 315 437 350 1
446 315 470 351 Ω
940 316 971 346 S.
1011 311 1210 347 AMBnosn

444 399 561 446 XIV.
598 396 737 454 Quam
759 397 918 440 honum
938 404 1002 438 est
1021 396 1132 439 ferre
1155 392 1422 447 convicium,
1444 404 1489 440 'et
1509 396 1749 462 convicium

385 492 472 523 non
505 470 693 517 reserie?
718 469 856 513 Deum
887 469 1112 526 praesulem
1147 467 1354 526 acquirit,
1391 469 1464 527 qui
1494 468 1750 523 convicianti

384 547 520 593 nescit
555 541 689 586 irasci.
724 539 916 597 Denique
943 546 1098 596 quanta
1128 538 1363 597 patientiae
1372 539 1504 598 gratia
1536 532 1746 586 dicentis:

397 638 413 660 «
434 615 685 663 Maledicent
702 611 793 671 ipsi,
813 619 855 653 et
868 618 915 653 tu
931 608 1182 653 benedices*
1201 609 1219 651 Ρ
1234 628 1248 649 1>
1260 610 1416 653 Beatus
1432 610 1503 668 qui
1523 611 1749 656 maledicta

383 704 471 733 non
493 685 629 731 sentit.
662 684 816 727 Beatus
847 695 974 739 quem
1002 680 1226 724 maledicta
1252 683 1625 740 non‘permovent.
1655 683 1750 728 Non

379 753 492 802 enim
525 762 663 815 potest
694 752 921 796 maledicto
950 752 1134 802 moveri,
1169 751 1242 809 qui
1273 752 1499 796 maledicta
1524 753 1750 800 hominnm

378 829 527 874 divinae
547 840 722 869 munere
742 823 1050 867 benedictionis
1071 823 1273 867 excludit.
1307 823 1402 868 Non
1421 832 1562 884 potest
1583 826 1751 875 sentire

375 899 665 947 maledictum,
685 895 755 954 qui
773 895 903 938 habet
919 895 1125 938 verbum:
1151 903 1201 938 et
1216 911 1303 939 non
1323 903 1467 955 potest
1484 895 1644 964 referre
1661 904 1751 943 m‘a-

384 972 607 1020 ledictum,
627 967 695 1011 cui
718 967 760 1010 in
783 981 856 1009 ore
879 980 1046 1025 semper
1066 975 1129 1010 est
1149 966 1341 1011 verbum.

443 1040 537 1087 XV.
578 1040 662 1084 Sed
692 1047 755 1082 est
782 1038 913 1081 etiam
939 1039 1075 1081 bonus
1106 1053 1303 1097 serpens,
1336 1053 1463 1097 quem
1491 1040 1569 1084 iste
1600 1038 1752 1086 cervus

385 1129 470 1158 non
490 1112 628 1155 laedat.
663 1129 679 1151 «
700 1110 861 1160 Estote,
888 1109 1046 1168 inquit,
1074 1110 1199 1153 astuti
1219 1110 1329 1153 sicut
1352 1119 1567 1170 serpentes
1583 1111 1616 1154 ².
1640 1101 1750 1163 »Εἰς

376 1203 412 1230 ,ιι
435 1185 553 1229 Sicut
571 1183 736 1241 Moyses
752 1181 947 1224 exaltavit
963 1190 1204 1240 serpentem
1222 1181 1265 1224 in
1287 1182 1454 1225 deserto
1475 1197 1485 1225 :
1507 1182 1753 1227 ita-exaltari

386 1274 401 1297 n
416 1262 582 1314 oportet
598 1253 754 1297 Filium
775 1251 958 1295 hominis
972 1251 1001 1294 ³.
1024 1271 1040 1292 »
1053 1252 1102 1294 In
1121 1261 1316 1310 serpente
1337 1268 1446 1296 aereo
1468 1251 1678 1312 figuratus
1688 1261 1755 1297 est

384 1333 503 1371 meus
532 1340 716 1384 serpens.
745 1323 793 1366 In
830 1323 943 1381 ligno
970 1323 1041 1366 illo
1070 1325 1275 1367 exaltatus
1308 1333 1371 1368 est
1399 1339 1521 1368 meus
1557 1339 1746 1384 serpens.

385 1398 567 1457 Serpens
591 1397 753 1444 bonus,
778 1395 914 1437 bonus
942 1410 1137 1454 serpens,
1164 1395 1236 1453 qui
1261 1398 1313 1439 d'e
1335 1411 1409 1439 oie
1438 1410 1515 1439 suo
1537 1388 1753 1468 remedia,

385 1479 471 1513 non
497 1483 658 1512 venena
690 1466 905 1512 fundebat.
941 1466 1084 1509 Potest
1117 1481 1203 1509 non
1234 1467 1385 1510 timere
1411 1469 1654 1531 serpentes&
1666 1461 1754 1527 qui

383 1539 499 1582 hunc
524 1538 640 1581 novit
663 1538 837 1580 adorare
860 1551 926 1580 sei
928 1545 1111 1595 pentem
1140 1538 1204 1580 De
1225 1537 1308 1581 hoc
1335 1546 1532 1597 serpente
1559 1536 1669 1604 dicit
1681 1537 1753 1583 issa

384 1616 476 1666 quae
500 1608 656 1666 diligit:
675 1625 706 1647 «
700 1607 818 1650 Ecce
840 1607 909 1650 hic
926 1615 1021 1666 post
1036 1607 1241 1666 parietem
1257 1617 1467 1660 nostrum,
1490 1609 1752 1676 prospiciens

384 1688 407 1720 »'
414 1693 490 1738 per
511 1678 740 1728 fenestras,
764 1678 955 1720 eminens
977 1676 1104 1736 super
1123 1678 1241 1722 retia.
1267 1672 1512 1738 Respondet
1532 1681 1752 1724 consobri-

384 1764 498 1793 »nus
507 1743 629 1791 meus
651 1756 693 1791 et
713 1747 816 1790 dicit
835 1747 968 1790 mihi:
993 1748 1154 1806 Surge,
1176 1749 1274 1791 veni
1296 1749 1488 1807 proxima
1515 1765 1638 1800 mea,
1659 1750 1752 1798 for—

382 1813 529 1863 »mosa
550 1833 670 1870 mea,
700 1819 898 1862 columba
929 1833 1050 1868 mea3
1079 1817 1176 1876 quia
1205 1834 1306 1862 ecce
1337 1818 1487 1878 hyems
1517 1813 1749 1879 praet'eriit‘,

382 1909 398 1931 ι)
413 1890 550 1933 imber
571 1889 688 1938 abiit,
706 1889 897 1932 discessit
917 1889 1013 1938 sibi,
1031 1888 1156 1932 flores
1174 1890 1252 1933 visi
1268 1899 1366 1933 sunt
1387 1890 1431 1933 in
1446 1891 1606 1935 terra‘.
1625 1892 1750 1937 »Ser-

382 1961 486 2018 pens
503 1956 694 2018 profecto
715 1967 802 2008 est,
827 1957 899 2016 qui
921 1959 1097 2001 decursa
1115 1959 1290 2018 hyeme,
1314 1956 1479 2006 amictu
1492 1963 1682 2028 corporis
1701 1979 1747 2008 se

382 2027 552 2073 volebat
563 2043 731 2079 exuere,
749 2037 796 2071 ut
819 2028 1008 2087 specioso
1027 2030 1180 2073 decore
1202 2039 1419 2085 vernaret.
1433 2026 1552 2076 Idem
1554 2043 1667 2100 ergo
1683 2041 1749 2079 est

383 2116 531 2145 cervus
558 2109 611 2144 et
628 2116 810 2160 serpens.
849 2100 1006 2144 Cervus
1028 2101 1188 2145 habens
1213 2117 1371 2147 cornua
1396 2104 1517 2171 Legis
1538 2097 1583 2149 et
1603 2106 1751 2164 gratiae·

386 2172 572 2230 (cornua
589 2172 681 2230 eJus
705 2173 788 2214 duo
811 2180 910 2215 sunt
925 2172 1218 2234 Testamenta)
1244 2176 1365 2219 velox
1385 2167 1548 2243 gressu,
1567 2175 1748 2236 impiger

383 2242 574 2292 incessu,
590 2241 661 2300 qui
683 2249 821 2284 totum
837 2242 959 2285 sacile
981 2244 1126 2287 orbem
1149 2254 1379 2304 percurrat
1389 2261 1476 2289 uno
1497 2254 1742 2315 momentu,

380 2312 539 2370 ubique
567 2311 842 2355 celebrabilis.
869 2311 1050 2371 Serpens
1074 2329 1243 2373 quoque
1268 2316 1434 2366 bonus,
1458 2316 1581 2375 cujus
1599 2317 1743 2376 priora

379 2382 505 2425 dente
519 2382 639 2440 Legis
656 2397 742 2425 non
757 2384 997 2433 mordeant,
1017 2385 1250 2442 posteriora
1267 2401 1354 2431 non
1369 2380 1744 2433 vulnerent'Evan-

380 2452 476 2510 gelii
499 2452 682 2496 lenitate.
715 2452 852 2511 Caput
874 2453 1061 2497 defendit
1090 2471 1112 2498 a
1133 2458 1333 2509 vulnere,
1356 2458 1428 2516 qui
1449 2458 1606 2518 Legem
1626 2459 1743 2504 venit

380 2538 466 2566 non
488 2524 648 2567 solvere
662 2554 674 2573 ‚
704 2524 777 2566 sed
799 2524 907 2566 tueri
936 2524 986 2567 ab
1019 2525 1437 2585 interpretationibus
1457 2528 1735 2589 perfidorum.

425 2633 436 2650 ¹
456 2626 539 2662 Psal.
555 2639 648 2670 cvm,
666 2639 698 2665 η.
720 2645 762 2656 ·-
786 2638 802 2670 g
825 2628 946 2664 Metth.
963 2641 996 2671 x,
1025 2629 1076 2665 16.
1105 2647 1147 2658 —-
1171 2632 1187 2658 ὅ
1215 2631 1311 2666 Jonn.
1332 2644 1383 2675 m,
1405 2633 1458 2674 14.
1474 2634 1545 2662 —⁴
1568 2632 1667 2670 cant.
1685 2643 1711 2669 ιι

376 2690 470 2724 9-12.
