1800 3236
385 283 472 357 4'1'6
935 309 967 343 s.
999 292 1199 344 'Atianosn

383 404 385 406 '
441 395 642 441 XXVIII.
681 395 776 454 Ipse
799 404 967 452 quoque
987 393 1194 436 Dominus
1226 400 1343 436 tanto
1371 405 1548 439 munere
1570 389 1751 453 psallen-

383 468 491 511 tium
510 468 748 510 delectatus
764 465 845 507 ait:
863 464 1004 510 «Pone
1025 479 1093 507 me
1110 472 1157 507 ut
1174 463 1436 522 signaculum
1454 464 1496 507 in
1516 479 1591 508 cor
1611 467 1750 516 tuum',
1771 499 1782 515 „

381 547 459 581 »ut
480 539 665 597 sigillum
690 538 733 579 in
760 535 984 579 brachium
1008 544 1129 578 tuum
1139 553 1150 584 3
1176 535 1272 593 quia
1296 534 1431 578 valida
1462 543 1526 578 est
1553 544 1602 579 ut
1637 552 1752 581 mors

380 611 614 660 »eharitas‚
633 611 764 652 dui-us
789 608 899 651 sicut
924 607 1046 650 inseri
1064 609 1190 650 zelus.
1225 606 1313 649 Alae
1338 596 1455 665 ejus,
1482 608 1555 651 alae
1578 607 1683 667 ig'nis
1713 617 1755 652 et

379 680 591 724 »Ilammae
619 696 628 723 :
657 695 762 738 aqua
781 680 914 722 multa
934 680 1160 721 excludere
1183 693 1269 720 non
1291 677 1447 736 poterit
1475 678 1748 729 charitatem,

382 761 455 795 »et
486 752 663 795 flumina
692 766 777 794 non
807 750 1078 793 inundabunt
1109 748 1245 791 eam&
1274 767 1290 789 n
1313 748 1422 802 Quia
1454 749 1559 792 vidit
1595 738 1755 792 tantam

387 824 658 869 devotionem
683 822 882 866 Ecclesiae
897 855 908 872 ‚
932 821 1107 864 idoneos
1124 829 1246 879 putat
1263 836 1354 864 esse
1372 820 1459 879 Jam
1481 815 1661 880 populos
1683 821 1756 880 qui

385 897 427 939 in
468 897 596 938 corde
628 903 773 937 nostro
815 901 855 935 et
891 893 932 935 in
961 892 1137 935 brachio
1169 891 1436 950 signaculum
1466 891 1558 949 ejus
1588 901 1757 950 portare

379 967 606 1027 possimus.
638 966 782 1024 Ipsum
811 964 926 1007 enim
948 964 1071 1006 Pater
1093 963 1272 1022 signavit
1293 963 1407 1033 Deus
1435 979 1444 1006 :
1469 971 1513 1006 et
1539 962 1612 1021 qui
1637 963 1758 1006 testi-
1795 1001 1797 1003 .

385 1037 579 1083 monium
613 1037 705 1094 ejus
733 1035 923 1093 aceepit,
958 1033 1163 1093 signavit3
1187 1034 1286 1092 quia
1311 1033 1425 1092 Deus
1457 1042 1654 1077 veraxest
1679 1049 1688 1076 :
1714 1041 1757 1077 et

385 1110 481 1151 ideo
511 1116 734 1166 operantes
768 1107 913 1150 cibum
943 1112 1268 1164 permanentem
1301 1103 1342 1146 in
1375 1104 1503 1147 vitam
1531 1111 1755 1154 aeternam,

384 1179 535 1237 signati
559 1187 657 1223 sunt
679 1180 730 1221 ad
752 1177 978 1235 imaginem
1000 1184 1043 1218 et
1066 1175 1388 1219 similitudinem
1407 1175 1584 1226 Christi,
1604 1174 1676 1234 qui
1694 1182 1759 1218 est

387 1252 524 1310 imago
541 1250 758 1293 invisibilis
779 1248 869 1292 Dei.
894 1247 1015 1290 Sicut
1030 1263 1130 1305 ergo
1147 1247 1260 1290 Deus
1278 1260 1404 1290 verax
1417 1255 1501 1296 est,
1520 1255 1563 1290 et
1578 1255 1624 1290 tu
1640 1246 1757 1306 signa

381 1322 425 1364 in
449 1330 522 1364 tuo
545 1336 671 1364 sensu
694 1329 736 1363 et
753 1333 881 1377 opere
903 1318 1124 1362 veritatem
1138 1335 1150 1367 ;
1176 1326 1285 1360 utos
1308 1326 1430 1360 tuum
1451 1332 1538 1360 non
1559 1319 1758 1376 loquatur

382 1392 679 1441 mendacium,
716 1406 866 1434 manus
901 1397 972 1431 tua
1005 1404 1092 1431 non
1124 1397 1324 1447 operetur
1354 1404 1480 1447 opera
1515 1388 1754 1440 homiuum,

386 1479 480 1522 quae
501 1470 598 1506 sunt
626 1462 785 1505 fallacis
809 1461 926 1524 istius
953 1460 1129 1510 mundi,
1151 1461 1226 1502 sed
1246 1459 1314 1502 illa
1339 1475 1431 1518 quae
1454 1459 1535 1518 Dei
1560 1469 1683 1510 sunt3
1707 1469 1756 1504 ut
1799 1475 1800 1525 j

383 1534 642 1592 pauperibus
677 1533 901 1590 largiatur,
929 1530 1086 1572 debiles
1109 1531 1323 1580 sublevet,
1355 1530 1546 1576 mortuos
1575 1530 1755 1575 honoret
1798 1536 1800 1573 ζ

388 1605 544 1648 tumuli
561 1605 789 1663 sepultura.
812 1603 886 1646 His
905 1602 1104 1661 operibus
1128 1602 1309 1645 charitas
1326 1602 1548 1660 quaeritur,
1567 1611 1613 1646 ut
1627 1619 1754 1647 nemo

384 1676 515 1734 possit
538 1691 558 1717 a
582 1674 750 1717 Christo
773 1675 837 1716 vel
859 1673 1051 1731 periculo
1073 1673 1223 1715 mortis
1254 1673 1387 1715 avelli.
1417 1673 1537 1716 Unde
1563 1673 1632 1716 ille
1657 1673 1715 1716 ait
1739 1689 1749 1716 :

397 1765 412 1786 (ι
431 1746 536 1799 Quis
558 1761 634 1788 nos
656 1745 867 1803 separabit
881 1760 900 1786 a
925 1744 1094 1787 Christo
1109 1744 1127 1786 P
1143 1744 1377 1788 Tribulatio
1394 1744 1412 1787 Ξ)
1432 1760 1484 1787 an
1502 1744 1746 1804 angustiaP..

383 1833 465 1860 »an
497 1816 769 1875 persecutio?
797 1816 877 1858 »Et
907 1815 1014 1858 infra
1046 1831 1055 1858 :
1080 1833 1096 1855 «
1131 1815 1310 1859 Confido
1341 1816 1455 1860 enim
1487 1816 1586 1875 quia
1614 1831 1752 1876 neque

383 1905 400 1928 »
413 1902 528 1930 mors
545 1901 718 1943 ,neque
735 1885 817 1928 vita
833 1917 844 1934 ,
863 1901 999 1943 neque
1018 1883 1168 1944 Angeli
1183 1886 1212 1928 ².
1240 1905 1256 1928 »
1600 1878 1607 1886 ’

443 1957 608 2001 ΧΧΙΧ.
646 1957 704 2001 Ea
733 1956 874 2014 specie
893 1955 1031 2003 'etiam
1062 1957 1174 1999 zelus
1196 1956 1327 2000 durus
1348 1964 1413 2000 est
1445 1956 1685 2009 charitatis,
1708 1966 1751 2002 et

385 2029 458 2070 alae
479 2027 570 2084 ejus
586 2061 596 2077 ,
622 2028 695 2069 alre
713 2026 833 2085 ignis.
860 2027 998 2069 Habet
1023 2028 1107 2070 alas
1130 2028 1240 2070 sicut
1265 2028 1488 2078 columba;
1513 2037 1610 2072 sunt
1635 2029 1749 2072 enim

380 2113 530 2156 pennae
565 2098 774 2140 columbae
808 2099 1088 2156 deargentatae
1105 2131 1117 2149 ,
1141 2099 1295 2156 quibus
1327 2101 1466 2142 e'volat
1486 2099 1558 2158 qui
1579 2099 1745 2159 diligit,

381 2171 524 2214 dicens
547 2186 556 2212 :
574 2187 590 2209 α
608 2170 719 2211 Ecce
741 2170 930 2226 elongavi
954 2170 1132 2227 fugiens,
1153 2179 1194 2213 et
1208 2172 1341 2214 mansi
1354 2172 1397 2214 in
1413 2172 1639 2216 solitudine
1653 2171 1666 2194 ³
1688 2187 1699 2215 z
1719 2191 1736 2212 ιι
1782 2191 1785 2193 ’

383 2242 457 2283 sed
476 2242 548 2283 alae
565 2239 797 2288 charitatis,
819 2240 892 2281 alae
916 2239 1025 2297 ignis
1042 2272 1053 2289 ‚
1078 2241 1231 2298 quibus
1253 2241 1490 2285 dilectionis
1511 2241 1747 2286 inflammat

381 2312 588 2353 ardorem.
617 2310 709 2352 Hoc
729 2324 884 2367 vapore
899 2309 1108 2353 ferventes
1121 2311 1438 2355 fecitDominus
1449 2311 1632 2371 Angelos
1649 2327 1745 2354 suos

379 2380 548 2439 spiritus
562 2412 572 2430 ‚
598 2388 641 2423 et
662 2380 874 2423 min-istros
891 2394 988 2423 suos
1011 2380 1150 2438 ignem
1173 2382 1416 2434 urentem⁴‚
1440 2383 1514 2426 sed
1535 2398 1622 2426 non
1639 2396 1745 2426 exuss

376 2460 558 2495 rentem.
597 2451 793 2509 Legimus
824 2458 866 2493 et
898 2452 1004 2494 ala‘m
1037 2452 1209 2510 templi,
1243 2468 1370 2511 supra
1399 2468 1527 2511 quam
1550 2453 1743 2496 diabolus

377 2531 544 2566 tentans
580 2521 680 2565 fecit
714 2523 941 2564 ascendere
974 2520 1258 2573 Salvatorem,
1288 2539 1382 2581 quae
1414 2530 1502 2567 erat
1530 2523 1573 2566 in
1595 2522 1741 2583 templi

427 2626 434 2640 ¹
456 2615 551 2649 Cant.
573 2627 632 2648 vm
650 2640 658 2653 ,
681 2615 718 2651 6,
734 2626 819 2659 7.—-
837 2626 848 2640 ²
873 2616 967 2648 Rom.
994 2626 1066 2657 vlu,
1091 2617 1131 2649 55
1147 2616 1249 2651 e138.
1265 2635 1307 2644 --
1328 2618 1342 2642 ³
1358 2617 1495 2651 Psalmlv
1512 2641 1522 2659 ‚
1548 2617 1582 2653 8.
1596 2634 1638 2644 -
1657 2619 1670 2646 ⁴
1690 2616 1736 2652 ld.

380 2678 454 2711 cnr,
470 2671 502 2710 4.
