1800 3236
357 312 440 366 154
903 325 935 353 s.
976 322 1170 353 annnosn

412 406 548 455 XVII.
567 405 742 452 Morale
783 413 925 448 autem
957 403 1142 447 historiae
1170 402 1321 447 veteris
1343 403 1722 449 facitnosmemi*

352 478 466 526 nisse
484 478 665 528 debere,
684 492 778 535 quae
800 485 862 519 est
880 477 931 519 de
953 483 1100 518 sancto
1119 474 1265 533 Moyse
1286 475 1388 533 ,qui
1407 475 1569 535 rogavit
1587 475 1724 520 Deum

360 559 415 596 ut
430 566 474 595 se
496 551 810 594 demonstraret
826 548 866 590 ei
889 548 1023 597 Deus,
1048 554 1091 589 et
1114 555 1162 590 ut
1181 546 1287 590 facie
1304 547 1357 589 ad
1372 546 1523 591 faeiem
1542 546 1643 591 eum
1663 548 1726 592 vi«

355 622 489 680 deret.
516 620 646 676 Norat
661 619 808 676 utique
824 626 996 661 sanctus
1011 617 1138 662 Vates
1157 617 1328 661 Domini
1345 618 1461 676 qnod
1473 618 1726 663 invisibilem

354 681 491 737 Deum
523 691 629 736 facie
665 693 718 734 ad
746 690 898 734 faciem
935 690 1080 733 videre
1118 705 1204 732 non
1243 697 1385 748 posset
1410 705 1420 733 t
1449 691 1524 733 sed
1557 690 1725 740 devotio

354 768 500 806 sancta
515 760 757 805 mensnram
773 761 1112 820 supergreditur,
1136 769 1179 804 et
1199 761 1364 820 putavit
1386 760 1478 804 Deo
1499 759 1627 804 etiam
1641 757 1725 804 hoc

352 832 694 890 esserpossibile3
716 841 772 876 .ut
801 833 1016 891 corporeis
1034 832 1170 875 oculis
1189 831 1348 884 faceret
1366 831 1410 874 id
1430 832 1634 888 quod-est
1658 830 1727 873 in-

356 918 632 962 corporeum,
654 904 977 962 comprehendi.
1012 903 1105 947 Non
1127 912 1190 946 est
1211 900 1554 962 reprehensibilis
1569 902 1728 945 hicet·-

354 988 447 1023 ror,
465 975 541 1016 sed
556 974 683 1029 etiam
699 983 819 1032 grata
840 974 1049 1033 cupiditas
1071 983 1198 1032 atque
1214 973 1496 1033 inexplebilis,
1509 974 1624 1032 quod
1634 972 1727 1017 Do-

354 1043 518 1088 minum
535 1059 659 1086 snum
677 1043 932 1087 velutmanu
945 1054 1088 1088 tenere
1103 1079 1113 1095 ‚
1128 1054 1171 1088 et
1183 1045 1336 1088 obtutu
1346 1046 1573 1087 oculorum
1582 1044 1728 1088 videre

356 1114 569 1173 cupiebat.
602 1117 774 1162 Sciebat
793 1118 846 1160 ad
872 1115 1098 1175 imaginem
1128 1125 1171 1159 et
1202 1116 1525 1159 similitudinem
1542 1115 1622 1158 Dei
1638 1114 1731 1158 {fae-

357 1194 452 1230 tum
471 1204 562 1231 esse
577 1188 816 1231 hominem.
846 1188 1032 1240 Quando
1058 1188 1173 1230 enim
1205 1189 1366 1230 electus
1390 1201 1415 1229 a
1435 1183 1618 1229 Domino
1639 1185 1730 1229 Deo
1768 1195 1776 1202 “

357 1267 422 1302 est
443 1262 496 1302 ad
518 1263 725 1319 populum
747 1260 1033 1309 liberandum,
1050 1259 1248 1318 impletus
1258 1267 1320 1302 est
1332 1259 1482 1317 spiritu
1499 1256 1725 1316 sapientiae.

358 1328 532 1374 Viderat
551 1330 760 1389 Angelum
789 1330 909 1373 illum
939 1338 982 1373 et
1008 1330 1161 1373 faciem
1184 1330 1277 1388 ejus
1302 1331 1345 1372 in
1367 1329 1511 1388 gloria.
1538 1329 1732 1386 Denique

360 1400 550 1460 fulgente
575 1403 668 1461 ejus
690 1402 851 1445 lumine
865 1435 876 1451 ,
900 1401 1143 1460 pavefactus
1170 1410 1255 1449 est,
1279 1410 1322 1444 et
1339 1400 1619 1446 vidit-rubum
1637 1393 1731 1449 urii,

360 1481 402 1515 et
426 1489 512 1516 non
543 1473 674 1517 exuri.
703 1473 849 1517 Visum
881 1472 1010 1531 coepit
1038 1473 1333 1531 fulgoremque
1350 1471 1496 1514 mirari
1520 1485 1532 1514 ε
1557 1471 1735 1514 accessit

360 1543 597 1601 cupiditate
620 1552 663 1587 et
700 1544 832 1602 gratia
864 1551 1142 1602 provocatus,
1176 1551 1222 1586 ut
1251 1542 1492 1600 diligentius
1525 1541 1735 1600 fulgorem

362 1614 545 1657 illumin
567 1615 676 1657 rubo
694 1615 997 1658 consideraret.
1017 1614 1167 1672 Itaque
1189 1614 1220 1657 si
1239 1622 1405 1656 tantum
1428 1604 1592 1671 accepit
1609 1613 1737 1655 ardo-

360 1700 473 1734 rem,
498 1693 658 1728 tantam
675 1685 803 1727 subiit
821 1685 1098 1743 cupiditatem
1112 1718 1123 1734 ‚
1151 1700 1251 1728 cum
1274 1685 1486 1743 Angelum
1507 1683 1678 1726 vidisset
1691 1682 1736 1725 in

360 1755 533 1799 flamma
548 1757 660 1815 ignis
687 1758 739 1800 de
763 1758 898 1807 rub03
922 1757 1088 1800 utlicet
1105 1772 1262 1815 pavore
1285 1757 1576 1816 apprehensus
1595 1755 1736 1800 consi-

363 1826 513 1870 derare
541 1842 626 1870 non
665 1830 864 1877 auderet,
895 1828 1164 1871 considerare
1197 1836 1339 1871 tamen
1367 1828 1494 1872 vellet
1531 1843 1542 1871 z
1577 1835 1736 1886 quanto

361 1898 495 1955 magis
515 1900 679 1941 vultum
696 1898 868 1941 Domini
893 1900 1171 1958 corporaliter
1192 1899 1336 1942 videre
1357 1897 1626 1941 desiderabat
1641 1929 1652 1948 ,
1671 1896 1739 1941 di-

364 1982 465 2011 cens
487 1968 662 2012 intrasse
684 1971 847 2013 vultum
869 1970 989 2013 illum
1015 1971 1191 2028 plenum
1214 1969 1346 2019 lucis,
1370 1971 1546 2028 plenum
1563 1968 1734 2028 gloriae3,

362 2041 538 2098 plenum
561 2041 725 2084 virtutis
743 2075 752 2090 ,
777 2043 952 2100 plenum
972 2041 1218 2085 divinitatis.
1249 2042 1344 2101 Non
1368 2042 1463 2099 plus
1486 2036 1739 2100 possumdi-

368 2124 465 2162 cere
478 2112 546 2153 vel
564 2112 720 2154 sentire
737 2113 788 2154 dc
803 2112 893 2155 Deo
907 2128 919 2161 ;
935 2130 950 2151 α
969 2111 1077 2154 Cum
1091 2112 1203 2154 enim
1217 2109 1574 2155 consummaverit
1588 2110 1736 2161 homo,

367 2198 385 2223 ι
400 2186 503 2225 tunc
519 2181 690 2240 incipit:
705 2190 855 2225 etcum
875 2182 1030 2226 finierit
1047 2217 1058 2233 ,
1077 2191 1178 2226 tunc
1191 2183 1450 2241 aporiabitur
1460 2181 1494 2232 ⁴,
1513 2200 1533 2223 n
1546 2189 1594 2225 ut
1603 2181 1739 2239 scrip-

370 2259 459 2295 tum
477 2261 560 2302 est;
586 2252 683 2310 qnia
705 2253 1149 2312 incomprehensibilis
1170 2262 1232 2296 est
1246 2254 1323 2296 Dei
1345 2261 1501 2296 aeterna
1522 2251 1732 2310 majestas-

394 2359 397 2362 >
425 2324 581 2368 XVIII.
610 2324 765 2367 *Irritus
792 2326 965 2383 quidem
991 2333 1082 2368 erat
1113 2325 1408 2383 postulationis
1436 2324 1638 2374 effectum
1663 2322 1741 2366 sed

368 2393 545 2437 affectus
574 2396 807 2453 probabilis
834 2396 968 2446 servi3
996 2396 1093 2453 quia
1127 2397 1237 2438 ultra
1260 2405 1597 2439 naturam-suam
1614 2393 1738 2438 devo-

368 2464 484 2507 tione
510 2481 755 2523 progressns
781 2469 832 2509 de
857 2467 1028 2509 Domini
1052 2465 1223 2525 Angelis
1244 2467 1504 2516 aestimabat,
1529 2474 1739 2525 quantum

367 2534 412 2577 in
429 2535 601 2578 Domini
620 2539 786 2579 vultum
807 2539 901 2596 plus
919 2539 1205 2589 desideraret,
1230 2553 1315 2597 quo
1333 2538 1609 2596 cupiditatem
1618 2546 1739 2588 suam

369 2604 541 2662 gestiret
561 2608 740 2665 explere.
778 2609 962 2654 Noverat
985 2608 1028 2652 in
1055 2608 1145 2668 ipso
1165 2609 1338 2654 homine
1360 2608 1486 2652 aliam
1503 2615 1601 2668 post
1619 2619 1738 2651 mor-

415 2704 426 2721 ¹
444 2695 544 2737 Eceli.
559 2708 656 2740 xuu,
671 2700 703 2734 6.
