1800 3236
386 310 471 353 506
892 327 1230 359 annona-mnes·

385 403 516 447 Vetus
536 403 855 448 Testamentum
874 405 1014 455 fuerit,
1037 407 1187 450 veritas
1209 410 1368 459 tamen,
1387 408 1469 452 hoc
1491 418 1567 461 est,
1591 409 1748 470 figura-
1793 434 1796 438 ’

386 489 478 517 rum
501 475 593 534 ejus
616 476 804 534 impletio
826 477 868 519 in
893 477 1011 520 Novo
1031 487 1094 521 est
1119 494 1128 521 :
1155 478 1211 522 ita
1235 479 1336 523 licet
1364 479 1450 524 Lex
1471 497 1548 539 per
1574 482 1748 544 Moysen

388 547 484 589 data
511 546 580 599 sit,
603 563 652 590 ea
668 555 811 592 tamen
832 548 1019 608 impleta,
1045 549 1125 593 nisi
1147 550 1189 593 in
1211 551 1303 609 lege
1328 567 1453 602 nova,
1479 568 1748 614 nequaquam

386 616 477 660 fuit.

744 766 991 797 ANNOTATIO
1029 735 1121 813 (52)
1158 769 1253 814 pag.
1294 756 1393 807 402.

447 897 540 942 Non
563 898 752 943 insolens¹
770 909 833 943 est
855 898 1102 952 Ambrosio,
1129 909 1177 945 ut
1198 916 1291 959 quae
1308 900 1476 960 proprie
1492 899 1636 947 Verbo
1652 915 1751 948 con-

386 969 591 1022 veniunt,
625 987 674 1014 ea
706 971 874 1014 Christo
904 971 1087 1016 Domino
1122 980 1295 1031 propter
1320 972 1526 1016 unitatem
1562 986 1751 1031 personae

388 1040 601 1086 attribuat.
628 1038 698 1086 Sic
719 1058 843 1087 serm.
875 1059 939 1087 xv.
968 1059 1084 1087 num.
1115 1045 1183 1088 50.
1213 1045 1266 1088 de
1285 1034 1453 1089 Christo
1474 1044 1650 1094 dicitur,
1672 1044 1752 1100 qui

389 1113 520 1157 totius
535 1129 619 1157 auf·
622 1124 691 1158 lor
711 1125 771 1159 est
792 1126 1024 1159 creatur-w.

745 1279 991 1308 ANNOTATm
1028 1262 1119 1323 (53)
1155 1279 1250 1323 pag.
1289 1263 1390 1315 426.

446 1407 567 1469 Saepe
594 1409 832 1455 abstemius
867 1412 981 1455 idem
1016 1392 1263 1471 simpliciter
1292 1420 1435 1464 sonat,
1465 1420 1591 1471 atque
1623 1406 1754 1456 abstiv-

389 1493 518 1531 nens,
547 1490 597 1525 ut
611 1490 726 1540 patet
743 1497 794 1525 ex
817 1483 888 1526 illo
905 1483 1098 1526 Horatii.

449 1549 502 1594 Si
520 1554 654 1611 forte,
676 1554 726 1596 in
745 1555 891 1597 medio
903 1555 1176 1613 positorum,
1196 1554 1434 1599 abstemius
1454 1554 1597 1598 herbis

451 1623 576 1667 Vivis
595 1634 635 1667 et
653 1625 812 1668 urtica.

751 1752 997 1795 ΑΝΝοΤΑΤιο
1036 1750 1126 1807 (54)
1164 1764 1258 1808 pag.
1297 1742 1396 1801 436.

450 1893 495 1942 Si
515 1898 607 1957 q'uis
628 1891 858 1942 bontendat
878 1891 948 1952 hie
972 1891 1150 1941 indicari
1172 1892 1346 1941 divitem
1367 1889 1487 1940 illum
1507 1896 1752 1955 epulonem,

397 1963 449 2012 de
477 1982 560 2028 quo
581 1963 684 2014 Luc.
723 1984 798 2014 v111
833 1955 1031 2028 parabola
1056 1966 1316 2019 instituitur,
1346 1968 1430 2011 hoc
1453 1951 1616 2010 'di'ct'um
1637 1957 1758 2010 intei-

393 2039 526 2098 ligat
515 2055 558 2082 m
581 2040 786 2083 sententia
808 2055 979 2090 eorum,
1006 2039 1057 2082 de
1081 2031 1233 2097 quibus
1260 2038 1451 2081 Eum-at.
1483 2037 1526 2080 in
1549 2036 1701 2080 Psalm.
1733 2045 1752 2078 t

397 2112 450 2154 ad
492 2118 607 2154 num.
638 2112 706 2165 54.
746 2109 795 2154 fit
830 2110 1002 2154 mentio.
1050 2110 1178 2162 Quod
1215 2125 1312 2153 vero
1353 2117 1532 2168 negatuc
1562 2101 1752 2151 diabolus

395 2179 604 2238 judicium
636 2182 788 2236 >adhuc
823 2181 999 2225 subiisse
1021 2214 1032 2231 ,
1067 2189 1138 2224 aut
1170 2181 1343 2225 omuino
1380 2180 1422 2223 in
1461 2178 1595 2238 poenis
1634 2193 1754 2228 esse,

395 2252 485 2315 haee
516 2251 594 2296 fuit
629 2253 818 2296 omnium
854 2253 1122 2311 antiquorum
1153 2253 1326 2296 Patrum
1366 2251 1541 2310 opinio,
1575 2258 1757 2308 quorum

396 2321 546 2367 seriem
575 2325 679 2368 texit
702 2317 883 2368 Mal‘don.
921 2323 987 2368 De
1029 2324 1236 2382 Angelis,
1271 2329 1421 2379 quoest.
1461 2339 1499 2380 7.
1530 2321 1582 2364 de
1611 2320 1757 2395 Ρεὲῃίε

397 2394 664 2438 doemonum.

752 2544 997 2599 ANNossa'rlo
1033 2529 1125 2587 (55)
1162 2544 1254 2588 pag.
1292 2528 1392 2580 448.

453 2679 776 2728 Observandum
802 2687 865 2724 est
888 2694 939 2725 ex
956 2679 1037 2724 hoc
1058 2679 1154 2725 loco
1177 2678 1306 2722 moris
1322 2676 1448 2722 fuisse
1466 2675 1580 2738 apud
1593 2682 1755 2719 veteres
