1800 3236
329 254 415 296 260
878 267 910 295 s,
948 268 1138 297 Aiinnosu

329 342 553 386 calumniae
575 357 659 386 non
680 343 888 386 evaderet.
917 345 1109 404 Denique
1141 352 1280 388 trusus
1315 343 1357 387 in
1378 358 1618 398 carcerem,
1646 354 1690 389 et

330 415 535 459 innocens
570 415 679 458 inter
707 415 853 458 noxios
883 417 1111 460 aestimatus
1128 416 1140 439 ¹
1160 449 1171 467 ‚
1197 418 1248 460 ab
1279 432 1329 460 eo
1355 418 1534 477 amplius
1563 418 1710 476 coepit.

328 485 487 543 urgeri,
507 485 575 528 cui
595 485 722 528 fidem
740 501 857 528 suam
878 501 975 530 cum
993 487 1190 546 periculis
1200 487 1472 546 praestitisset.
1493 486 1576 531 Sed
1592 487 1690 546 quia

330 556 599 600 contumeliae
623 556 759 599 virum
781 557 973 617 frangere
993 558 1301 616 nequiverunt,
1323 566 1486 620 mutata
1512 566 1576 601 est
1597 565 1692 601 ten-

328 627 456 677 tatio,
482 630 607 685 longe
630 616 980 687 asperior-'specie
1004 644 1316 688 prosperorum.
1343 629 1551 673 Plurimos
1575 628 1691 672 enim

329 700 705 756 supplantaverunt
731 700 927 744 secundae
947 716 1013 743 res
1030 733 1041 751 ‚
1072 715 1178 758 quos
1203 700 1407 758 supplicia
1433 700 1583 743 acerba
1605 715 1701 744 nou

328 768 551 825 fregerant.
579 769 834 813 Producitur
850 786 873 813 e
898 786 1068 814 carcere
1095 779 1202 814 nutu
1222 770 1337 829 regio
1353 804 1364 822 ,
1393 771 1694 830 interpretatur

329 839 570 889 somnium,
604 840 773 899 eligitur
800 849 847 883 ut
877 842 1042 885 honore
1071 841 1338 900 praestantior
1365 850 1476 885 esset
1495 843 1693 888 omnibus

272 964 279 968 ¹
328 911 560 970 AEgyptiis²
577 946 586 962 ,
611 913 699 971 regi
727 913 937 956 secundus
955 947 966 964 ,
994 915 1278 957 esurientibus
1305 914 1471 973 populis
1495 914 1694 958 alimenta

330 983 548 1027 divideret.
573 972 850 1042 Objiciuntur
865 985 903 1028 ei
925 985 1073 1029 fratres
1086 1020 1097 1036 ,
1117 986 1189 1044 qui
1208 1001 1307 1029 eum
1329 986 1381 1029 ad
1401 986 1609 1030 servitutis
1626 986 1694 1031 in-

327 1053 485 1111 juriam
508 1068 595 1096 non
621 1054 808 1097 fraterno
837 1071 980 1099 amore
1006 1055 1310 1100 vendiderant*
1325 1074 1337 1107 3
1362 1066 1411 1100 ut
1442 1059 1511 1101 vel
1541 1066 1694 1101 contu—

328 1125 465 1167 meliae
486 1132 529 1167 et
546 1125 741 1182 appetitae
764 1126 908 1169 salutis
924 1129 1070 1171 dolore
1091 1136 1275 1171 tentatus
1297 1136 1513 1171 excuteret
1528 1143 1697 1187 germa-

327 1194 473 1238 nitatis
500 1194 712 1249 ass'ectum.
740 1196 826 1239 Sed
849 1198 912 1240 vir
936 1198 1074 1256 justus
1102 1199 1256 1243 oblitus
1276 1208 1340 1242 est
1367 1200 1693 1252 contumeliam,

327 1264 746 1322 cumulavitgratiam
756 1283 768 1315 3
783 1282 920 1325 eoque
937 1284 981 1311 se
996 1270 1130 1328 magis
1146 1270 1320 1313 fratrem
1333 1271 1465 1315 voluit
1475 1270 1694 1323 exhibere,

328 1350 413 1393 quo
434 1335 582 1380 fratres
604 1337 692 1395 ipse
713 1353 799 1380 non
823 1339 970 1383 suisset
991 1350 1189 1391 expertus
1204 1342 1235 1386 ⁵.
1261 1343 1484 1402 »Denique
1503 1343 1585 1387 hoc
1606 1359 1698 1387 mu-

327 1420 428 1448 nere
446 1414 489 1448 et
501 1406 648 1450 fratres
664 1409 841 1466 recepit,
856 1419 899 1453 et
915 1420 1079 1469 patrem
1098 1413 1165 1471 pia
1186 1413 1335 1456 fraude
1359 1414 1562 1471 quaesivit.
1582 1415 1698 1468 Quid

327 1476 455 1533 igitur
478 1477 591 1520 aliud
612 1478 762 1522 melius
786 1480 947 1524 diceret
973 1492 1143 1526 sanctus
1166 1485 1344 1543 Joseph,
1363 1484 1492 1544 quam
1516 1487 1629 1530 istud
1645 1488 1700 1530 ad

328 1545 587 1589 Dominum:
605 1548 720 1591 «Nisi
742 1550 839 1606 quia
851 1551 937 1594 Lex
953 1540 1028 1594 tua
1043 1554 1262 1597 meditatio
1285 1570 1378 1598 mea
1400 1563 1478 1607 est,
1497 1565 1601 1600 tunc
1618 1556 1700 1600 for«

331 1633 348 1655 >³
362 1616 469 1659 sitan
490 1618 709 1675 periissem
723 1620 766 1662 in
786 1620 1024 1666 humilitate
1039 1625 1166 1667 mea?
1187 1643 1202 1665 n

389 1688 574 1732 XXXII.
612 1690 766 1734 Fertur
799 1693 1021 1752 Prophetae
1050 1696 1220 1739 cuidam
1246 1697 1260 1755 (
1280 1705 1324 1741 et
1344 1698 1535 1757 plerique
1558 1700 1714 1759 serunt,

333 1759 448 1816 quod
469 1758 634 1802 Esai’ae
622 1777 665 1803 1n
688 1777 861 1806 carcere
886 1765 1053 1823 posito)
1082 1782 1181 1810 cum
1202 1769 1316 1811 mole
1343 1769 1604 1815 imminentis
1625 1787 1700 1814 ur—

331 1837 503 1887 geretur
525 1831 663 1881 exitii‚
689 1832 839 1877 dixisse
861 1834 1110 1880 diabolum:
1140 1838 1219 1881 Dic
1241 1839 1337 1897 quia
1361 1855 1447 1884 non
1470 1856 1490 1884 a
1515 1841 1700 1887 Domino

330 1900 500 1943 locutus
521 1915 565 1944 es
581 1917 674 1959 quae
691 1903 845 1954 dixisti,
870 1914 912 1948 et
930 1909 1120 1951 omnium
1143 1909 1186 1952 in
1200 1918 1243 1953 te
1258 1920 1420 1956 mentes
1438 1912 1700 1972 affectusque

331 1971 534 2021 mutah03
554 1980 602 2014 ut
628 1974 699 2030 qui
721 1974 1026 2034 indignantur'
1015 1979 1244 2038 injuriam,
1264 1982 1572 2027 absolutionem
1597 1999 1701 2027 con-

331 2039 480 2084 ferant.
512 2041 598 2085 Sed
617 2043 686 2086 illc
708 2046 865 2103 gratius
891 2047 1097 2106 judicavit
1116 2067 1194 2110 pro
1219 2054 1396 2098 veritate
1418 2054 1671 2114 supplicium
1687 2089 1699 2106 ‚

333 2124 461 2167 quam
474 2125 553 2169 pro
567 2113 807 2159 adulatione
825 2117 1096 2164 beneficium.
1115 2122 1243 2175 Quod
1255 2124 1402 2183 utique
1418 2141 1504 2169 non
1514 2125 1699 2178 fecisset,

332 2181 415 2226 nisi
436 2183 711 2229 meditatione
726 2187 846 2246 Legis
867 2189 1013 2234 suisset
1029 2193 1294 2238 exercitatus.

394 2251 599 2297 XXXIII.
638 2255 701 2299 Sit
721 2273 820 2317 ergo
833 2261 956 2304 nobis
973 2263 1214 2320 quotidiana
1236 2267 1363 2310 lectio
1386 2283 1462 2327 pro
1474 2270 1701 2324 exercitio,

334 2330 384 2365 ut
416 2338 509 2381 quae
536 2326 736 2384 legimus,
767 2332 1024 2376 meditemur
1047 2334 1217 2379 imitari.
1252 2338 1301 2380 In
1332 2338 1412 2382 hac
1446 2342 1723 2387 desudemus

334 2394 541 2439 virtutum
561 2399 780 2455 palaestra;
808 2411 856 2445 ut
878 2419 976 2447 cum
992 2405 1285 2466 increpuerint
1307 2417 1590 2465 tentamenta,
1615 2430 1701 2458 non

333 2469 536 2524 tanqua'm
554 2468 868 2525 inexercitatos,
890 2491 976 2521 non
993 2486 1194 2537 tanquam
1210 2489 1402 2540 expertes
1419 2484 1701 2542 spiritualium

381 2567 499 2600 ¹.Gen
518 2580 630 2612 xxxix,
651 2582 702 2607 20.
717 2592 758 2599 —
778 2576 861 2610 ·.1d
881 2590 946 2622 xm,
963 2578 1308 2623 8-14.-³1d.xn11,
1336 2583 1369 2624 6,
1398 2590 1430 2620 et
1452 2596 1541 2631 seqq.
1557 2605 1599 2613 —
1616 2590 1629 2616 ⁴
1648 2588 1700 2621 Id·

333 2629 422 2663 κων,
442 2633 472 2663 2,
490 2628 520 2659 et
532 2634 623 2670 seqq
