1800 3236
0 83 14 339 WWAEW-miam«
0 0 19 80 W

0 962 22 1231 -a-*s-wWQ-s‘szw
0 875 11 927 1
0 824 9 830 -’
8 639 17 645 2
5 613 8 615 >
0 342 10 502 *vrrffwv‘*

482 321 703 367 nxrosrnq
732 322 775 351 iu
807 322 993 365 rsuuuu
1028 324 1168 354 cxviu.
1417 319 1502 374 3⁰9

142 418 161 440 ι
173 399 359 449 semitis3
379 417 397 441 ι
410 399 478 444 cui
496 399 745 458 despicienti
761 401 1001 459 praesentia,
1016 401 1155 446 sutura
1172 407 1392 462 quaerenti,
1405 423 1501 467 reg-

142 485 248 522 num
268 471 440 514 coeleste
458 470 693 514 Divinitatis
714 479 796 514 tuae
815 473 1092 530 promissione
1112 484 1346 535 reseratum
1361 486 1438 521 est.

201 540 405 585 XXXVI.
443 540 529 594 Qui
539 550 637 584 sunt
647 540 714 584 isti
724 551 970 600 peccatores
980 545 1053 602 qui
1064 556 1298 603 posuerunt
1307 549 1503 606 laqueos?

142 610 320 671 Aperuit
342 610 417 654 tibi
438 611 669 670 Apostolus
688 620 903 655 auctorem
924 614 1115 657 omnium
1138 625 1413 674 peccatorum
1426 651 1437 668 ,
1460 628 1505 663 et

143 682 446 725 demonstravit
471 682 617 725 dicens
642 697 686 724 :t
709 681 795 736 Qui
815 685 964 727 volunt
984 685 1132 729 divites
1152 685 1269 736 fieri,
1309 687 1507 745 incidunt

142 772 159 794 ι
173 752 217 796 iu
237 753 515 796 tentationem
534 761 579 796 et
602 754 803 813 laqueum
824 753 1020 797 diaboli&
1047 756 1273 800 »Advertis
1293 757 1421 815 igitur
1438 760 1504 812 la-

90 871 93 874 ,
142 837 301 880 queum
313 821 468 866 diaboli
482 838 573 866 esse
589 823 768 882 divitias,
785 839 912 881 quem
930 825 1109 870 tetendit
1123 826 1252 869 etiam
1266 827 1501 884 Salvatori:

143 895 218 937 sed
238 894 307 937 ille
327 893 400 952 qui
418 893 526 936 nihil
545 885 831 951 habuitiquod
843 904 987 954 posset
1001 896 1199 955 princeps
1215 897 1335 955 istius
1355 899 1506 942 mundi

145 964 315 1008 veniens
335 979 458 1007 suum
477 964 640 1014 dicere,
657 966 907 1025 laqueorum
927 965 1021 1023 ejus
1041 966 1210 1010 vincula
1226 967 1426 1023 dissolvit.
1442 969 1508 1013 Ac

142 1050 199 1079 ne
221 1035 483 1079 mediocrem
508 1034 624 1078 huuc
646 1036 846 1093 laqueum
873 1045 1022 1094 putes,
1050 1037 1119 1080 hic
1144 1038 1320 1096 laqueus
1347 1039 1507 1084 Judam

146 1106 381 1166 apostolum
403 1105 690 1163 strangulavit.
719 1106 804 1158 Qui
825 1106 978 1157 miser,
997 1122 1095 1165 cum
1116 1116 1227 1151 esset
1241 1108 1309 1151 illa
1328 1119 1506 1167 queatus

140 1185 194 1227 *ut
207 1177 406 1235 proderet
419 1176 650 1219 Dominum
664 1208 677 1225 ‚
696 1176 772 1219 ubi
792 1178 971 1221 advertit
987 1187 1194 1235 quantum
1210 1180 1380 1223 sceleris
1396 1190 1507 1225 esset

128 1248 372 1291 'admissum
385 1279 400 1298 ,
427 1248 577 1304 laqueo
599 1262 644 1289 se
666 1247 755 1305 ipse
776 1248 1005 1306 suspendit.
1033 1249 1119 1292 Sed
1142 1258 1186 1306 et
1214 1251 1303 1309 ipse
1328 1252 1506 1309 laqueus

146 1318 302 1361 diaboli
324 1318 402 1360 suit
414 1350 426 1366 ,
445 1326 492 1360 ut
510 1332 596 1360 non
618 1326 762 1375 ageret
779 1318 1087 1375 poenitentiam,
1105 1320 1181 1363 sed
1196 1321 1347 1379 laqueo
1362 1336 1408 1380 se
1425 1322 1507 1364 suf-

144 1389 316 1438 focaret.
342 1389 456 1432 Deus
476 1389 590 1431 euim
617 1389 815 1431 etiamin
836 1390 950 1448 ipsos
970 1381 1065 1448 pius
1087 1399 1152 1433 est
1173 1391 1411 1451 proditores
1424 1409 1437 1442 ;
1463 1400 1510 1435 ut

73 1472 78 1477 ·
139 1461 201 1511 ‘ad
219 1459 508 1518 poenitentiam
527 1467 840 1517 provocentur,
864 1469 991 1517 atque
1011 1476 1034 1519 a
1054 1460 1263 1519 flagitioso
1289 1463 1508 1520 proposito

147 1529 446 1578 reflectantur,
470 1537 514 1572 et
533 1529 783 1587 resipiscant
802 1545 825 1572 a
851 1530 1007 1573 diaboli
1027 1531 1209 1588 laqueis,
1233 1546 1256 1573 a
1278 1546 1365 1588 quo
1395 1531 1509 1591 capti

146 1609 345 1645 tenentur
365 1601 565 1659 adipsius
580 1603 856 1644 voluntatem.
881 1601 979 1644 Jam
995 1616 1082 1644 non
1103 1617 1292 1649 aerumna
1312 1611 1376 1646 est
1398 1603 1509 1645 inci-

148 1672 281 1721 disse,
304 1673 380 1725 sed
401 1671 593 1714 crimen:
625 1672 698 1729 qui
717 1687 803 1714 nou
835 1674 972 1715 solum
997 1687 1042 1715 se
1072 1665 1228 1716 dedere
1252 1673 1506 1731 capiendos,

148 1744 225 1786 sed
254 1743 383 1789 etiam
404 1744 457 1785 ad
490 1743 750 1785 voluntatem
779 1743 936 1786 diaboli
967 1751 1166 1786 tenentur
1198 1744 1379 1793 astricti;
1409 1759 1510 1801 cum

146 1812 310 1871 possint
329 1812 471 1855 dicere
497 1828 508 1854 ε
530 1830 547 1851 ι
566 1802 868 1871 Dirumpamns
894 1813 1061 1856 vincula
1094 1813 1320 1872 ipsorum².
1354 1814 1512 1857 »Dedit

148 1882 261 1925 enim
282 1881 360 1925 tibi
378 1881 596 1940 Scriptura
618 1882 757 1925 diviua
772 1891 821 1925 ut
840 1898 927 1926 non
940 1884 1084 1926 solum
1107 1898 1254 1938 caveas
1271 1883 1430 1926 diaboli
1446 1886 1512 1926 la-

149 1967 307 2010 queum
323 1968 334 1995 z
350 1952 425 1995 sed
437 1953 564 1996 etiam
580 1968 657 2011 per
678 1953 971 2011 poenitentiam
987 1953 1080 2011 ejus
1090 1954 1259 1997 vincula
1273 1954 1506 2013 dirumpas.

206 2021 431 2067 XXXVII.
469 2023 585 2075 Quid
605 2023 679 2065 tibi
696 2055 708 2071 ,
737 2022 864 2066 homo
878 2056 890 2072 ,
909 2038 1009 2066 cum
1029 2023 1190 2080 deliciis
1209 2038 1258 2066 ac
1281 2024 1511 2082 voluptati-

149 2092 259 2137 bus?
279 2093 373 2138 Non
391 2093 505 2152 capit
530 2095 733 2151 laqueus,
765 2093 844 2136 nisi
865 2101 963 2136 ante
989 2108 1086 2137 esca
1109 2102 1150 2137 te
1172 2094 1360 2152 coeperit.
1397 2095 1511 2138 Dum

150 2164 335 2222 praedam
358 2163 493 2222 petis,
516 2165 667 2221 laqueo
689 2163 777 2221 ipse
801 2172 843 2206 te
864 2163 1012 2206 nectis.
1027 2160 1147 2206 ‘Esca
1168 2163 1310 2222 laquei
1341 2163 1512 2207 avaritia

152 2243 216 2277 est
240 2249 251 2276 ε
274 2249 369 2277 esca
391 2234 548 2277 diaboli
565 2235 752 2277 luxuries
781 2243 873 2284 est,
896 2235 1051 2292 quibus
1070 2249 1147 2277 nos
1178 2236 1268 2278 vult
1297 2235 1511 2285 inescare,

152 2319 239 2348 uon
252 2320 439 2364 pascere.
466 2305 519 2348 Et
537 2305 633 2348 ideo
655 2305 865 2348 clamabat
880 2305 1107 2363 Apostolus
1132 2319 1177 2346 ει
1203 2303 1265 2347 Ne
1286 2304 1514 2357 attaminar-

153 2395 170 2416 ι
184 2376 324 2419 veritis
338 2409 352 2426 ,
374 2391 429 2419 ne
449 2377 711 2435 gustaveritis
726 2410 737 2426 ,
760 2391 854 2434 quae
876 2384 973 2418 sunt
993 2375 1135 2418 omnia
1153 2376 1207 2417 ad
1226 2376 1517 2433 corruptelam

153 2446 272 2504 »ipso
294 2445 414 2489 usu'.
439 2447 561 2505 »Noli
582 2463 681 2506 ergo
694 2447 944 2490 attaminare
963 2445 1336 2494 luxuriam‚etilla
1358 2453 1399 2487 te
1414 2460 1514 2488 con·

84 2540 85 2543 =
155 2517 359 2559 taminare
379 2530 465 2560 non
484 2517 651 2576 poterit.
686 2517 780 2561 Noli
801 2525 969 2576 gustare
996 2515 1178 2559 avaritiae
1200 2516 1514 2574 corruptelam,

0 3064 28 3226 '‘'TSI—
0 3000 20 3039 Tys
0 2849 24 2975 ⁸1„wa
0 2757 27 2820 2³3&

155 2596 199 2632 et
218 2587 298 2632 eris
317 2587 515 2631 immunis
532 2603 555 2631 a
575 2589 740 2650 laqueo.
768 2588 883 2644 Quid
904 2578 981 2631 tibi
1000 2595 1215 2647 postremo
1237 2601 1337 2631 cum
1367 2587 1512 2640 terris,

204 2690 212 2708 ⁸
238 2692 249 2717 ι
269 2681 355 2715 Tim.
378 2691 424 2721 ιι,
439 2693 471 2729 9.
490 2700 530 2707 —
549 2692 561 2707 ²
581 2682 666 2719 Psal.
685 2693 722 2721 ιι,
736 2682 768 2717 5.
782 2699 822 2707 -
840 2683 854 2707 ³
868 2680 997 2722 ‚coloss
1020 2691 1059 2722 ιι,
1079 2691 1131 2718 21.
1151 2690 1203 2714 υ.
