1800 3236
0 695 16 773 ἑ

0 1144 28 1335 „Lssissfflsmffiaeess
0 909 26 1131 wem-‘wem
0 773 23 901 25'?‘*³⁷r5⁸·''÷;‡.35
0 614 19 708 *svs-2·-
0 489 18 573 αῖ·
11 463 14 465 >
0 419 4 429 ⁷

457 302 674 334 exrosmo
705 302 749 335 ιι(
765 343 767 346 ⁴
781 302 969 335 »suumn
1000 304 1144 335 cxvm.
1393 294 1477 352 289

114 379 331 425 hominem
348 380 590 426 venientem
607 382 650 426 iu
674 382 790 427 hunc
807 384 1018 427 mundum
1037 399 1047 426 :
1069 384 1282 441 quomodo
1299 398 1399 442 crgo
1420 386 1483 428 lu-

108 453 243 496 cerua
254 451 433 496 dicitur?
444 452 587 496 EsaIas
599 446 754 498 clamat
774 470 785 497 :
802 454 1012 513 «Populus
1029 454 1101 512 qui
1117 456 1291 498 sedebat
1306 456 1349 498 in
1370 464 1485 499 tene-

117 541 135 564 »
145 522 250 573 bris,
261 523 401 567 lucem
414 523 519 566 vidit
530 516 729 583 maguam
740 523 751 546 ¹
766 540 777 567 :
792 545 808 564 ι»
822 525 1037 582 quomodo
1043 524 1115 568 hic
1126 525 1458 569 diciturlucerna
1469 526 1489 567 Ρ

175 591 249 638 VL‘
270 592 356 637 Sed
376 593 592 638 videamus
610 611 664 638 ne
680 595 790 639 forte
801 596 917 639 idem
933 596 1123 641 Verbum
1139 596 1224 647 Dei¹
1235 597 1324 640 aliis
1336 612 1489 655 magna

117 663 191 707 lux
208 663 285 714 sit,
309 664 399 708 aliis
421 666 608 709 lucerna.
627 665 734 709 Mihi
757 667 931 710 lucerna
945 699 957 716 ‚
978 667 1153 726 Angelis
1175 668 1248 710 lux
1267 677 1344 711 est.
1363 668 1491 711 Petro

120 736 194 779 lux
212 744 324 786 orat,
348 739 518 794 quando
535 737 667 781 astitit
687 737 727 780 ei
747 737 933 796 Angelus
955 738 998 780 in
1016 753 1188 781 carcere
1207 738 1223 760 ²
1239 771 1251 788 ,
1277 747 1320 782 et
1340 740 1488 782 lumen

123 805 404 850 circumfulsit
427 822 540 850 eum.
560 807 692 851 Paulo
708 808 782 851 lux
800 816 916 858 erat,
939 810 1110 866 quando
1128 816 1301 851 euntem
1322 810 1374 851 ad
1390 824 1493 867 per-

110 868 384 935 sequendum
406 879 611 936 populum
629 874 924 929 christianum,
945 878 1336 922 circumfulsiteum
1352 880 1425 922 lux
1441 881 1494 922 de

128 948 260 998 coelo,
282 955 325 990 et
347 948 506 990 audivit
532 947 746 991 dicentem
774 948 854 991 sibi
879 963 923 990 τι
947 947 1097 998 Saule,
1123 949 1275 999 Saule,
1300 949 1404 1006 quid
1424 964 1496 992 me

129 1017 422 1076 »persequeris
444 1016 457 1038 ³
473 1017 528 1059 Ρ»
546 1017 601 1061 Et
618 1033 770 1076 magna
790 1019 963 1077 quidem
983 1020 1068 1062 lux.
1092 1009 1286 1079 Denique
1310 1020 1496 1062 lucernae

127 1086 246 1130 Pauli
263 1087 408 1130 lumen
428 1088 623 1137 evanuit,
646 1089 721 1131 ubi
742 1089 893 1132 divinae
919 1090 1119 1148 splendor
1138 1089 1246 1132 lucis
1269 1090 1460 1133 emicuit.

188 1156 280 1200 Vll.
316 1156 370 1201 Et
398 1173 497 1200 vere
524 1158 709 1214 'lucerna
734 1149 934 1213 'est-mihi
967 1159 1161 1222 Christus
1180 1193 1192 1210 ,
1216 1161 1385 1217 quando
1414 1161 1496 1203 isto

130 1236 279 1271 nostro
295 1243 368 1272 ore
388 1238 648 1272 recensetur.
674 1229 809 1273 Lucet
829 1229 872 1292 in
891 1229 1018 1279 limo,
1038 1229 1170 1288 fulget
1192 1230 1236 1272 in
1256 1245 1353 1289 vase
1372 1230 1493 1273 fictili

131 1299 352 1342 thesaurus
379 1301 449 1343 ille
462 1333 474 1350 ,
503 1316 630 1358 quem
664 1300 873 1343 hahemus
904 1300 947 1342 in
982 1300 1090 1343 vasis
1126 1300 1341 1344 fictilibus.
1381 1302 1499 1345 Mitte

69 1430 77 1436 η
131 1371 274 1413 oleum
288 1403 300 1420 ,
322 1385 378 1413 ne
407 1369 577 1413 deficiat
597 1363 699 1419 tibi}
722 1370 821 1428 quia
850 1372 996 1413 lumen
1024 1372 1211 1427 lucernae
1233 1380 1298 1414 est
1318 1373 1461 1414 oleum
1484 1405 1495 1421 ‚

132 1456 219 1484 non
251 1441 394 1484 oleum
425 1449 651 1491 terrestre,
690 1442 765 1483 sed
795 1441 900 1483 illud
922 1441 1065 1483 oleum
1087 1441 1387 1501 misericordiae
1410 1456 1492 1485 coe-

131 1513 248 1556 lestis
267 1521 310 1555 et
333 1512 493 1572 gratiae,
519 1527 604 1570 quo
634 1504 905 1569 ungebantur
923 1504 1161 1569 Prophetae.
1195 1511 1349 1554 Oleum
1376 1521 1497 1555 tuum

132 1581 349 1626 humilitas
359 1591 443 1632 est,
457 1597 541 1640 quo
558 1581 734 1624 cervicis
752 1589 906 1624 nostrae
927 1582 1031 1624 dura
1048 1583 1305 1624 mollescunt
1325 1597 1335 1624 ε
1353 1583 1496 1624 oleum

134 1661 257 1696 tuum
278 1653 569 1696 misericordia
586 1661 656 1694 tua
674 1661 764 1702 est,
779 1667 865 1710 quo
886 1652 1014 1695 etiam
1034 1652 1180 1694 collisa
1191 1652 1375 1710 scopulis
1396 1668 1501 1711 pec-

134 1733 329 1768 catorum
355 1724 551 1768 foventur
570 1738 762 1782 corpora.
788 1723 881 1781 Hoc
907 1724 1051 1765 oleum
1076 1724 1296 1767 vulnerato
1310 1724 1377 1782 ‚illi
1398 1740 1421 1766 a
1443 1726 1501 1767 la-

134 1794 351 1845 tronibus,
377 1794 650 1838 descendenti
666 1809 719 1836 ex
737 1793 1000 1836 Hierusalem
1025 1786 1295 1850 'evangelicus
1317 1794 1387 1836 ille
1418 1794 1495 1837 Sa-

134 1865 366 1918 maritanus
396 1865 565 1914 infudit,
598 1864 670 1922 qui
703 1857 850 1907 videns
881 1878 1007 1912 eum,
1040 1862 1330 1905 misericordia
1356 1872 1497 1906 motus

15 1919 29 1951 ²:
61 1993 69 2001 .
119 1935 200 1994 ⁵'est
212 1968 226 1986 ,
246 1943 290 1980 et
309 1935 492 1995 alligavit
506 1937 678 1979 vulnera
694 1934 787 1992 ejus
799 1965 812 1985 ,
832 1933 1059 1978 infundens
1078 1922 1220 1975 oleum
1236 1941 1280 1976 et
1299 1931 1494 1981 vinuO.

135 2004 229 2053 Hoc
263 2009 404 2051 oleum
430 2015 549 2050 sanat
581 1999 1104 2064 aegrot0s;'misericordia
1134 2004 1248 2047 enim
1270 2020 1294 2047 a
1322 2015 1500 2063 peccato

135 2078 301 2122 liberat.
330 2078 422 2122 Hoc
447 2079 588 2120 oleum
609 2078 725 2119 lucet
751 2075 795 2118 in
817 2075 1028 2124 tenebris,
1052 2074 1087 2116 si
1107 2089 1235 2132 opera
1265 2083 1408 2118 nostra
1430 2077 1500 2119 lu-

138 2135 262 2192 ceant
281 2163 428 2191 eoram
446 2147 702 2190 hominibus.
730 2147 823 2188 Hoc
844 2146 985 2188 oleum
1006 2146 1121 2188 lucet
1140 2145 1185 2187 in
1202 2145 1403 2189 Ecclesiae
1429 2162 1500 2189 so-

137 2219 440 2264 lemnitatibus.
467 2217 660 2275 Denique
689 2216 844 2274 quibus
870 2217 1012 2272 oleum
1039 2230 1125 2258 non
1147 2215 1302 2265 defuit,
1330 2232 1411 2260 nec
1431 2218 1500 2260 lu-

137 2303 239 2332 men
250 2287 351 2332 fidei
367 2287 522 2332 defecit
534 2305 547 2338 ;
563 2289 638 2330 sed
649 2302 749 2330 cum
759 2286 1024 2345 lampadibus
1040 2285 1085 2328 in
1098 2287 1239 2329 locum
1253 2287 1499 2342 nuptiarum

139 2360 313 2405 introire
329 2368 575 2403 meruerunt
592 2359 608 2382 ²
636 2374 648 2401 ε
672 2374 767 2417 quae
790 2359 930 2412 autem
958 2357 1000 2399 in
1022 2356 1129 2400 vasis
1148 2356 1233 2399 suis
1255 2358 1396 2400 oleum
1413 2371 1499 2399 non

139 2434 331 2475 tulerunt
344 2465 355 2482 ‚
378 2432 462 2474 hoc
476 2439 563 2481 est,
587 2445 673 2474 non
687 2431 931 2474 habuerunt
946 2427 1074 2471 fidem
1090 2460 1102 2476 ‚
1121 2443 1207 2471 non
1226 2427 1499 2486 prudentiam

142 2518 230 2546 non
264 2501 622 2551 misericordiam,
641 2500 791 2544 animae
829 2500 873 2543 in
912 2499 995 2542 hoc
1024 2498 1264 2541 constitutae
1293 2512 1498 2556 corpore,

188 2613 200 2630 ¹
220 2606 294 2640 lsai.
322 2618 370 2645 ix,
386 2618 415 2640 a.
437 2624 480 2632 -
503 2616 517 2631 ¹
545 2584 698 2647 Actssxn,
715 2616 748 2648 7.
769 2621 811 2631 -·-
827 2605 843 2630 3
864 2602 917 2638 ld.
946 2613 992 2646 ix,
1008 2601 1041 2641 4.
1064 2619 1105 2645 :¹2
1129 2603 1144 2630 ⁴
1166 2601 1245 2635 Luc.
1265 2612 1298 2640 x,
1318 2601 1372 2640 3³,
1389 2600 1442 2640 δή.
1458 2617 1500 2626 -

143 2661 159 2683 ⁵
173 2659 294 2694 nauh.
306 2670 383 2699 ην,
403 2669 511 2694 10-12·

293 2728 389 2759 nvn.
1299 2722 1353 2767 19
1390 2750 1393 2754 .
