1800 3236
407 286 492 338 446
804 321 810 323 ,
957 296 990 325 S.
1027 296 1220 325 Aiinnosu

402 372 707 439 persecutionis
729 382 937 433 praecepta
964 374 1176 425 mittebat,
1201 383 1244 440 et
1265 390 1340 434 per
1362 375 1546 434 singulas
1568 375 1636 418 vel
1663 375 1770 419 civi-

403 460 526 499 tates,
549 450 616 492 vel
637 446 875 507 provincias
893 454 1014 488 erant
1035 445 1186 489 diversi
1206 456 1498 505 persecutores
1524 462 1535 489 ς
1562 446 1616 489 ita
1641 447 1770 490 etiam

406 521 599 564 diabolus
629 519 785 560 multos
808 516 1021 559 ministros
1041 532 1138 560 suos
1163 518 1320 575 dirigit,
1345 518 1416 576 qui
1443 533 1527 560 uon
1549 517 1650 562 soris
1676 526 1770 561 tan-

405 588 644 638 tummodo,
671 588 743 630 sed
766 587 894 629 etiam
911 586 1023 630 intus
1046 587 1203 630 saciant
1226 589 1542 647 persecutiones
1559 589 1600 632 in
1621 588 1771 632 animis

408 661 684 719 singulorum.
714 655 862 701 Do'his
885 658 1045 701 dictum
1068 666 1131 701 est
1149 659 1520 717 persecutionibus
1546 675 1555 702 :
1574 678 1590 699 α
1612 659 1771 703 Omnes

404 754 420 773 »
436 732 507 790 qui
526 732 672 775 volunt
686 730 754 788 pie
778 729 917 772 vivere
939 729 982 771 in
1002 729 1170 772 Christo
1192 730 1310 780 Jesu,
1337 729 1678 789 persecutionem
1699 745 1772 789 pa-

405 802 641 847 »tiuntur¹.
667 820 683 842 n
699 801 858 845 Omnes
886 800 1004 850 dixit,
1031 802 1194 843 nullum
1218 801 1398 860 excepit.
1437 801 1544 854 Quis
1565 801 1679 844 enim
1697 817 1771 844 ex-

405 884 554 934 ceptus
598 881 737 933 potest
768 888 874 922 esse,
916 888 1015 915 cum
1059 872 1147 930 ipse
1188 873 1395 916 Dominus
1425 873 1770 932 persecutionum

407 954 668 991 tentamenta
691 942 963 986 toleraverit?
985 942 1258 1000 Persequitur
1288 943 1475 992 avaritia,
1504 943 1772 1002 persequitur

408 1017 597 1066 ambitio,
617 1014 884 1075 persequitur
906 1013 1087 1063 luxuria,
1115 1014 1386 1072 persequitur
1399 1013 1613 1072 superbia,
1630 1029 1772 1072 perse-

408 1089 552 1147 quitur
574 1085 811 1129 fornicatio.
849 1086 968 1127 Unde
994 1094 1036 1127 ct
1056 1084 1285 1142 Apostolus
1310 1085 1368 1127 ait
1388 1100 1398 1128 :
1436 1103 1451 1124 «
1474 1084 1625 1144 Fugite
1645 1084 1772 1128 forni-

405 1178 422 1202 »
438 1159 648 1202 cationem
662 1156 692 1200 ².
710 1155 845 1200 »Nam
857 1171 936 1213 qua
949 1170 1073 1198 causa
1086 1155 1268 1214 sugeres,
1281 1155 1361 1199 nisi
1373 1155 1441 1199 illa
1454 1163 1493 1198 te
1501 1171 1773 1215 persequere-

409 1228 505 1272 turi)
521 1228 594 1271 Est
610 1227 724 1270 enim
745 1227 882 1269 malus
900 1225 1070 1284 spiritus
1088 1225 1394 1276 fornicationis,
1418 1215 1482 1269 cst
1501 1227 1638 1269 malus
1655 1223 1772 1286 spiri-

410 1311 478 1345 tus
506 1298 705 1346 avariiiae,
725 1298 859 1340 malus
877 1296 1047 1355 spiritus
1070 1297 1292 1355 superbiae.
1638 1294 1641 1296 ⁵

465 1369 612 1416 XLVI.
649 1367 722 1411 Isti
754 1375 852 1410 sunt
879 1375 1171 1425 persecutores
1198 1384 1369 1426 graves,
1411 1367 1485 1426 qni
1517 1368 1608 1412 sine
1645 1367 1772 1426 gladii

406 1451 568 1485 terrore
590 1446 779 1482 mentem
794 1437 980 1481 hominis
1003 1438 1247 1496 frequenter.
1269 1440 1449 1490 elidunt,
1474 1439 1544 1497 qui
1562 1438 1773 1482 illecebris

405 1513 554 1572 magis,
585 1525 712 1570 quam
735 1509 977 1558 ‚terroribus
1007 1500 1169 1553 animos
1200 1518 1444 1570 expugnant
1477 1510 1682 1553 fidelium.
1720 1509 1773 1554 lli

403 1583 480 1628 tibi
497 1585 638 1626 hostes
657 1580 858 1630 cavendi,
889 1579 934 1622 hi
956 1580 1170 1639 graviores
1193 1581 1389 1639 tyranni,
1412 1597 1489 1640 per
1511 1596 1616 1639 quos
1634 1580 1772 1625 Adam

408 1662 556 1714 captus
573 1661 649 1696 est.
675 1651 796 1695 Multi
814 1651 856 1694 in
876 1651 1170 1709 persecutione
1191 1651 1584 1712 publicacoronati,
1604 1651 1772 1695 occulta

405 1727 485 1770 hac
507 1723 804 1784 persecutione
828 1721 1088 1766 ceciderunt.
1126 1741 1142 1762 α
1164 1722 1310 1773 Foris,
1337 1722 1687 1781 inquit‚wpugnae,
1705 1722 1772 1764 in-

405 1815 421 1838 »
435 1805 502 1839 tus
519 1791 732 1837 timores³.
756 1811 772 1833 »
805 1792 1000 1835 Advertis
1023 1807 1150 1850 quam
1173 1809 1300 1851 grave
1322 1801 1540 1836 certamen
1557 1792 1773 1852 sitrquod

407 1876 470 1910 est
491 1867 600 1909 intra
622 1863 863 1914 hominem;
887 1855 936 1907 'ut
958 1879 1105 1907 secum
1128 1864 1216 1922 ipse
1233 1865 1448 1923 confligat,
1469 1856 1568 1908 cum
1587 1863 1673 1911 suis
1694 1879 1773 1919 cuf-

406 1938 653 1998 piditatibus
691 1936 920 1995 praelietur.
973 1935 1067 1994 Ipse
1109 1934 1337 1994 Apostolus
1374 1936 1555 2001 fluctuat
1573 1969 1586 1987 ,
1620 1936 1769 1993 haeret,

407 2008 671 2066 astringitur,
700 2005 902 2065 captivari
931 2021 974 2049 se
996 2006 1144 2049 asserit
1176 2007 1218 2050 in
1242 2008 1334 2066 lege
1366 2007 1532 2066 peccati
1558 2016 1601 2051 et
1623 2006 1772 2051 mortis

406 2094 586 2138 corpore
610 2078 827 2128 debellari,
851 2092 930 2120 nec
957 2076 1144 2136 potuisse
1158 2078 1353 2130 evadere,
1373 2078 1452 2122 nisi
1471 2087 1580 2122 esset
1601 2078 1772 2124 Domini

405 2149 508 2193 Jesu
530 2149 662 2208 gratia
681 2147 926 2191 liberatus&
1393 2150 1396 2154 ’
1671 2155 1674 2156 ’

466 2220 657 2265 XLVII..
679 2219 832 2269 Verum
855 2228 904 2262 ut
920 2222 1062 2264 multae
1081 2220 1415 2279 persecutiones,
1435 2221 1494 2265 ita
1509 2208 1640 2282 multa
1663 2235 1772 2264 mar-

407 2293 527 2352 tyria.
558 2291 759 2345 Quotidie
775 2292 891 2334 testis
914 2308 958 2336 es
983 2292 1154 2336 Christi.
1177 2293 1382 2336 Tentatus
1398 2309 1443 2336 es
1464 2292 1614 2353 spiritu
1637 2292 1771 2336 forni-

407 2364 606 2422 cationis;
631 2364 706 2407 sed
726 2363 881 2407 veritus
906 2363 1060 2407 Christi
1084 2363 1275 2406 futurum
1295 2364 1527 2422 judicium,
1552 2372 1771 2408 temeran-

408 2436 506 2478 dam
532 2434 683 2477 mentis
705 2442 747 2476 et
774 2435 962 2493 eorporis
981 2433 1274 2477 castimoniam
1293 2449 1377 2476 non
1400 2433 1557 2493 putasti
1577 2448 1587 2476 :
1608 2439 1771 2493 martyr

405 2522 449 2550 es
477 2503 645 2548 Christi.
682 2505 884 2549 Tentatus
907 2521 951 2549 es
981 2505 1131 2564 spiritu
1154 2504 1360 2556 avaritiae‚
1393 2514 1441 2549 ut
1462 2506 1770 2565 possessionem

447 2621 456 2637 ¹
480 2612 669 2653 aTim.m,
696 2621 748 2644 υ.
771 2628 810 2637 -
832 2621 844 2636 ε
872 2622 882 2644 ι
916 2610 997 2645 Cor.
1028 2620 1076 2652 w,
1107 2609 1155 2646 18.
1190 2627 1230 2636 -
1260 2612 1273 2636 ³
1302 2622 1320 2646 a
1348 2610 1504 2653 Gor.vn‚
1523 2613 1557 2647 5.
1575 2629 1616 2640 -
1643 2613 1769 2648 mom.

397 2677 465 2704 ni,
484 2666 596 2700 25-25.
