1800 3236
0 238 7 248 r
0 183 5 194 -ι-
0 141 8 174 eznv
3 121 9 131 ..
0 0 9 110 amum-nun

502 296 732 331 nnosmoss
748 297 793 333 tu
822 297 1011 334 »aarum
1042 304 1187 337 cxvm.
1433 289 1521 349 403

163 460 1461 491 fflfflfflwnmmmmmwu
1465 479 1528 492 sv-

675 604 860 651 SERMO
888 606 1011 652 XIX.

786 737 926 797 Koph.

220 903 249 947 l.
275 902 437 946 luem-r
458 901 604 945 littera.
613 900 1070 959 decima-nona‘Koph,
1089 903 1213 962 cujus
1229 904 1522 966 interpretatio

165 982 256 1023 est,
289 992 307 1013 ι
328 973 579 1023 Conclusi03
600 991 617 1014 ι
649 981 692 1016 et
717 973 828 1016 sicut
853 973 951 1016 alibi
977 974 1237 1027 invenimus,
1268 976 1467 1036 «Aspice.
1495 1001 1512 1020 1·

163 1039 303 1087 Distat
319 1043 483 1094 littera,
506 1043 703 1102 congruit
725 1035 885 1087 sensus.
910 1043 1017 1087 Nam
1039 1044 1113 1102 qni
1128 1047 1418 1099 concluditur,
1440 1051 1527 1094 cir-

165 1114 431 1173 cumspicere
454 1129 499 1157 se
519 1115 665 1164 debet,
682 1122 725 1157 ct
740 1129 910 1158 causam
929 1113 1109 1174 periculi
1131 1131 1216 1159 non
1233 1118 1522 1171 dissimulare;

164 1184 348 1229 maxime
377 1200 476 1228 cum
500 1186 625 1236 letale
648 1185 874 1228 discrimen
896 1185 962 1228 sit.
998 1185 1279 1230 Concluditur
1297 1191 1527 1249 unusquis-

164 1270 248 1313 qne
272 1255 610 1299 tumescentibus
640 1254 891 1304 visceribus,
925 1254 1155 1299 internisve
1177 1254 1399 1309 saucibus,
1426 1252 1529 1308 cum

163 1322 394 1371 intercluso
410 1325 581 1385 spiritus
597 1334 858 1376 commeatu,
883 1325 1070 1384 spirandi
1088 1340 1137 1370 ac
1158 1328 1395 1388 respirandi
1412 1345 1528 1374 com-

162 1396 322 1442 mercia
354 1405 641 1441 coarctantur.
668 1394 951 1440 concluditur
973 1396 1164 1447 soemina,
1182 1449 1187 1451 Π
1204 1413 1305 1441 cum
1328 1397 1378 1443 fit
1411 1401 1528 1459 peri-

162 1459 313 1511 {rome
339 1467 544 1518 matricis,
572 1482 655 1526 qua
674 1467 858 1527 pectoris
883 1466 1013 1526 ipsius
1032 1467 1241 1525 premitur
1263 1468 1524 1531 principale3

163 1537 279 1582 unde
299 1552 447 1597 graves
463 1536 659 1581 oriuntur
679 1536 895 1595 angustiae,
913 1544 957 1579 et
979 1535 1059 1580 nisi
1080 1535 1125 1579 in
1143 1536 1287 1580 locum
1304 1554 1430 1582 suum
1455 1540 1527 1583 illa

164 1607 509 1667 recipiendorum
530 1606 739 1650 seminum
759 1607 853 1649 aula
879 1614 1128 1657 revocetur,
1154 1607 1285 1651 vitam
1308 1610 1527 1654 consuevit

163 1679 404 1722 excludere.
439 1678 503 1722 Ita
529 1678 658 1722 etiam
689 1677 762 1737 qui
796 1677 938 1720 animo
972 1677 1165 1736 angitur,
1195 1687 1239 1722 et
1270 1679 1526 1737 quibusdam

165 1750 349 1797 adversis
376 1749 695 1794 imminentibus
726 1756 1003 1808 perurgetur,
1034 1749 1232 1792 concludi
1258 1750 1416 1794 dicitur
1438 1767 1527 1796 non

163 1820 400 1865 minoribus
422 1820 623 1880 angustiis
638 1820 794 1863 mentis
806 1853 818 1870 ,
842 1835 969 1878 quam
985 1819 1185 1878 corporis.
1212 1820 1394 1879 Major-es
1408 1823 1524 1869 enim

165 1891 317 1952 auim'ae
350 1900 477 1936 aestus
495 1925 509 1942 ,
540 1892 811 1950 fervoresque
846 1898 944 1934 sunt
973 1890 1209 1934 animorum
1227 1924 1240 1942 ,
1271 1907 1400 1951 quam
1426 1908 1525 1938 cor-

163 1968 333 2024 porum.
1383 2016 1386 2020 .

222 2034 277 2077 11.
314 2031 549 2077 Conclusus
563 2031 691 2091 igitur
713 2031 926 2074 viscerum
946 2037 1116 2075 tumore
1129 2065 1141 2081 ‚
1161 2032 1378 2078 medicum
1404 2051 1523 2095 quae-

163 2098 245 2152 rit;
272 2111 322 2146 ut
348 2102 481 2162 possit
501 2102 748 2161 propulsare
768 2101 1006 2160 periculum
1019 2134 1032 2151 ,
1056 2109 1099 2144 et
1119 2103 1347 2147 constricta
1362 2105 1516 2150 laxare.

163 2173 350 2218 Veniens
378 2173 571 2217 medicus
601 2181 736 2216 tentat
769 2172 936 2223 omnia,
965 2173 1159 2231 explorat
1186 2173 1363 2220 interna.
1401 2177 1522 2228 Etfitu

164 2260 266 2304 ergo
297 2245 523 2288 conclusus
551 2243 679 2287 animi
708 2243 898 2293 fervore,
932 2243 1071 2302 aspice
1096 2252 1139 2286 te
1169 2244 1308 2302 ipsum
1330 2247 1521 2292 interiori

165 2316 302 2359 oculo.
337 2315 475 2359 Morbi
504 2315 566 2358 vis
594 2322 738 2374 urget,
769 2314 904 2358 fervet
930 2314 1054 2356 noxia
1075 2314 1359 2367 conscientia,
1386 2320 1521 2362 moles

163 2394 440 2447 peccatorum
461 2385 632 2445 premit,
656 2385 931 2444 intercipiunt
943 2400 1113 2428 sensum
1125 2387 1278 2430 mentis
1294 2389 1519 2448 angustiae:

165 2472 373 2518 cognosce
395 2465 436 2500 te
456 2456 620 2516 ipsum,
644 2464 688 2499 et
707 2455 908 2498 orationis
924 2470 1066 2512 quaere
1079 2455 1337 2500 medicinam
1360 2474 1371 2501 τ
1394 2474 1524 2518 posce

162 2537 212 2572 ut
226 2528 366 2572 veniat
385 2527 575 2571 medicus
597 2527 668 2570 ille
692 2526 766 2585 qui
782 2525 1002 2570 descendit
1024 2525 1077 2569 de
1092 2527 1222 2576 coelo‚
1244 2526 1318 2585 qui
1337 2530 1521 2574 maxime

159 2606 336 2660 egrotos
354 2597 547 2657 requirit,
564 2597 780 2656 sicutipse
801 2597 883 2641 ait:
899 2613 917 2636 «
932 2595 1026 2641 Non
1043 2610 1150 2655 opus
1170 2605 1236 2642 est
1252 2599 1366 2645 sanis
1382 2602 1518 2646 medi-

1309 2680 1378 2725 26.
