1800 3236
315 304 401 348 282
864 317 896 345 S.
934 317 1127 346 AMBnosu

312 396 584 456 cognoscitur
593 395 816 446 Dominus,
832 411 930 438 cum
946 396 1185 439 timentium
1206 395 1468 439 convertitur
1486 395 1678 448 affectas,

312 468 448 527 gravis
469 475 632 511 terrore
659 466 806 524 judicii
826 482 835 509 z
853 484 868 506 α
888 467 938 509 Et
963 467 1127 510 discant
1149 475 1296 525 gentes
1318 468 1519 525 qnoniam
1540 468 1685 511 homi»

311 558 329 581 »
340 554 415 583 nes
431 548 545 589 sunt,
560 539 667 582 »luti
684 539 955 597 corruptione
970 538 1235 588 resolubiles,
1257 547 1300 581 et
1316 539 1417 582 limo
1431 541 1682 586 durescente
1703 547 1705 549 ’
1733 578 1736 582 .

311 610 503 654 formati:
523 612 638 668 quod
656 618 753 652 ante
769 610 842 667 qui
860 609 1015 668 Legem
1033 625 1117 652 non
1131 618 1398 669 acceperant,
1417 606 1676 655 nesciebant.

311 682 434 725 Unde
461 681 672 739 Propheta
698 681 819 739 quasi
851 688 894 724 ct
917 681 1005 739 ipse
1026 681 1223 723 turbatus
1244 689 1424 725 terrenae
1447 678 1682 741 fragilitatis

316 752 693 810 contemplatione,
706 751 763 794 ait
774 767 816 814 :fi
836 752 1009 809 thuid,
1022 751 1219 801 Domine,
1236 747 1459 797 discessisti
1472 752 1614 812 longe¹
1629 753 1672 796 Ρ»

311 824 428 868 Bene
444 824 581 874 timet,
608 824 680 881 qui
696 823 915 867 hominem
933 839 977 866 se
995 832 1086 866 c'sse
1103 824 1319 882 cognoscit
1336 838 1346 867 t
1366 819 1448 869 sed
1468 824 1566 884 quia
1586 826 1683 888 le
1724 837 1732 839 *

311 896 432 939 timet
452 896 599 945 nobis,
632 896 705 953 qui
728 910 874 938 sumus
896 911 949 938 cx
965 896 1161 954 gentibus
1182 904 1428 954 peccatores
1442 930 1454 946 ,
1483 906 1684 956 precatur

311 981 365 1009 ne
381 967 507 1024 longe
523 965 597 1008 fiat
612 981 633 1008 a
653 966 736 1008 suis
753 966 975 1024 gentibus3
999 974 1045 1008 ut
1063 967 1134 1024 qui
1156 968 1282 1026 longe
1297 959 1684 1030 eramus,incipiatai

312 1053 408 1081 mus
428 1053 520 1083 esse
540 1038 783 1096 propiores,
815 1045 857 1080 et
877 1037 1059 1080 sciamus
1086 1038 1184 1095 quia
1207 1037 1401 1082 homines
1424 1051 1598 1090 sumus,
1631 1040 1684 1083 ad

313 1108 541 1166 imaginem
565 1108 726 1150 scilicet
756 1116 798 1151 et
823 1106 1144 1151 similitudinem
1167 1109 1243 1152 Dei
1266 1109 1388 1160 facti,
1422 1110 1578 1168 quibus
1605 1116 1685 1168 per

238 1199 240 1201 ’
312 1179 496 1237 Virginis
514 1187 682 1236 partum
701 1179 828 1222 etiam
846 1179 1039 1222 Christus
1056 1179 1285 1222 conformis
1300 1188 1364 1223 est
1379 1180 1528 1225 sactus.
1540 1171 1684 1225 Recte

312 1264 413 1306 ergo
443 1256 485 1291 et
508 1250 560 1291 ad
586 1248 876 1292 infirmitatem
900 1249 1121 1306 accipitur,
1146 1257 1189 1292 et
1211 1244 1263 1292 ad
1284 1250 1486 1308 gratiam·
1502 1268 1520 1290 α
1536 1249 1685 1294 Sciant

311 1327 487 1376 »gentes
513 1320 715 1376 quoniam
746 1318 940 1362 homines
973 1327 1072 1362 sunt
1094 1333 1106 1361 τ
1132 1337 1147 1358 ¹2
1183 1319 1313 1361 altero
1345 1333 1421 1378 per
1448 1333 1683 1367 commune

313 1390 528 1446 quoddam
558 1398 682 1446 atque
705 1391 873 1432 carnale
893 1389 1155 1432 consortium
1177 1389 1437 1432 bestiarum·
1457 1391 1590 1434 altero
1607 1401 1685 1450 per

314 1458 541 1517 imaginem
565 1460 658 1508 Dei,
689 1468 730 1503 et
751 1460 889 1502 carnis
908 1461 1132 1502 dominicae
1154 1469 1469 1505 sacramentum
1500 1462 1683 1521 digni-tas

313 1545 405 1574 esse
425 1531 569 1588 coepit,
589 1543 682 1588 quae
700 1531 938 1589 ignobilitas
955 1531 1194 1575 videbatur.
1505 1561 1507 1563 >
1527 1557 1531 1564 .

372 1601 492 1647 XXI.
529 1603 677 1646 Merito
697 1618 799 1662 ergo
818 1619 902 1646 non
921 1603 1147 1646 declinavit
1165 1618 1187 1646 a
1203 1603 1373 1661 judiciis
1397 1598 1473 1648 Dei
1495 1597 1682 1663 populils

312 1641 550 1723 nationum,
574 1675 647 1731 qui
670 1683 808 1733 potest
830 1675 971 1718 dicere
990 1690 1000 1717 ε
1018 1693 1035 1713 α
1052 1674 1266 1727 Quoniam
1287 1677 1488 1734 tu‘legem
1503 1677 1682 1735 posuisti

313 1743 460 1787 »mihi
481 1762 496 1784 u
511 1744 604 1787 Non
623 1760 701 1803 per
720 1746 910 1804 Moysen,
938 1761 1021 1788 non
1041 1761 1118 1804 per
1137 1745 1385 1805 Prophetas,
1398 1749 1485 1791 sod
1501 1744 1592 1806 ipse
1605 1756 1684 1806 per

314 1823 370 1864 te,
390 1814 510 1865 ἔθευ,
527 1815 706 1873 «Legem
719 1817 895 1874 posuisti
908 1818 1030 1867 mihi,
1044 1836 1060 1858 n
1075 1817 1158 1861 hoc
1175 1826 1253 1867 est,
1271 1819 1559 1877 Evangelium,
1575 1819 1682 1862 ‘Ideo

312 1898 400 1930 non
422 1886 629 1928 declinavi
649 1902 672 1928 a
691 1888 781 1936 via;
805 1888 910 1969 quia·
919 1897 961 1931 te
979 1888 1134 1947 aspexi,
1156 1896 1198 1932 te
1221 1891 1417 1991 cognovi,
1436 1898 1508 1934 tua
1517 1890 1681 1954 itinera

312 1964 487 2000 secutus
509 1971 652 2000 veram
670 1959 849 2016 cognovi
871 1960 995 2004 viam.

371 2026 512 2070 XXII.
559 2028 706 2086 Itaque
732 2016 1076 2087 praedicationem
1108 2033 1284 2076 audiens
1307 2032 1521 2091 Evangelii
1548 2042 1681 2090 quam

310 2096 588 2155 propheticus
610 2098 778 2155 spiritus
801 2102 1072 2158 praecinebat,
1095 2104 1180 2146 ait:
1197 2121 1214 2143 α
1232 2104 1372 2156 Quam
1391 2095 1532 2146 dulcia
1548 2102 1683 2146 sauci*

311 2168 424 2212 »bus
452 2168 557 2211 meis
579 2170 706 2213 verba
733 2178 827 2220 tua,
854 2184 998 2231 super
1012 2175 1098 2216 mel
1118 2182 1160 2216 et
1180 2174 1322 2217 'favum
1344 2173 1408 2216 ori
1422 2172 1552 2216 meo²
1570 2164 1579 2216 l
1600 2173 1682 2216 »Et

311 2238 425 2282 hone
438 2255 454 2277 a
469 2238 619 2282 Dulcia
632 2272 644 2289 ,
663 2259 678 2280 n
692 2241 845 2298 quibus
875 2242 1130 2299 praedicatur
1161 2243 1353 2286 remissio
1383 2251 1678 2302 peccatorum,

314 2308 409 2350 vitae
444 2309 684 2366 perennitas
698 2344 709 2360 ,
757 2313 1011 2355 resurrectio
1051 2314 1178 2356 etiam
1219 2314 1517 2357 defunctorum
1537 2348 1547 2364 ,
1587 2324 1682 2373 quae

307 2386 531 2436 -perpetuae
559 2380 707 2423 mortis
737 2388 780 2423 et
810 2383 973 2425 acerhae
1009 2384 1333 2427 amaritudinem
1366 2392 1675 2443 temperarunt.

310 2447 393 2493 Per
414 2447 506 2491 haec
531 2459 714 2493 mortem
744 2453 948 2509 coepimus
978 2467 1064 2496 non
1086 2455 1258 2505 timere,
1291 2455 1363 2512 qui
1386 2447 1681 2514 ‘coepirnus'di—

307 2533 416 2563 ‚cere
435 2534 444 2561 ε
468 2520 577 2564 «Ubi
599 2529 677 2572 est,
701 2537 833 2574 mors,
856 2524 1031 2568 victoria
1054 2525 1149 2568 tua⁵
1165 2525 1210 2568 Ρ»
1233 2527 1286 2569 Et
1306 2527 1416 2570 bene
1439 2527 1680 2572 «Faucibus

362 2651 371 2668 ι
401 2642 486 2676 Psal.
513 2655 558 2686 ix,
588 2656 642 2680 22.
669 2664 710 2672 —
729 2655 741 2672 ²
764 2647 816 2681 Id.
833 2658 947 2687 cxvnr,
975 2649 1043 2683 103.
1059 2668 1101 2676 —
1116 2652 1130 2675 3
1150 2661 1163 2683 1
1178 2650 1252 2685 Cor.
1268 2661 1324 2692 xv,
1339 2639 1393 2684 5'5.
