1800 3236
313 306 399 360 340
574 323 586 333 ξ
861 313 891 345 s.
934 312 1124 344 amnnosn

312 399 464 445 acerba
488 396 713 458 generavit.
746 394 905 441 Vicinae
935 394 1072 438 viduae
1100 392 1196 451 jura
1222 387 1439 434 temerasti
1463 404 1473 433 ξ
1497 387 1677 448 coegisti

312 488 406 516 eam
428 486 520 529 quae
548 478 619 514 aut
641 470 830 512 dolorem
847 481 988 516 suum,
1015 472 1086 507 aut
1107 463 1316 544 pudorem
1339 460 1514 504 seeretis
1534 461 1675 503 clausa

311 544 543 604 parietibus
564 542 706 586 fovere
728 541 929 589 deberet,
956 535 1186 597 prosilire
1175 551 1219 577 ln
1236 533 1484 593 publicum,
1509 531 1676 574 inveress

313 615 494 658 cundius
516 629 643 672 quam
673 610 871 670 injustius
893 609 1094 667 litigare
1125 606 1273 649 oculus
1296 612 1393 647 tuus
1425 610 1570 662 partus
1593 601 1676 645 ini-

311 685 416 743 quit
406 684 482 727 1tis
503 684 728 727 estfactus.
756 680 943 725 Vidisti·
932 693 1103 738 mopem
1129 676 1313 734 superbo
1340 674 1482 724 oculo,
1506 682 1550 717 et
1570 672 1677 715 insa-

311 754 445 798 tiabili
460 755 615 797 corde:
633 751 856 812 despexisti
874 765 1043 810 precem
1056 746 1276 807 pauperis:
1293 753 1335 788 et
1346 759 1472 803 quem
1485 741 1676 786 misereri

313 826 542 877 debueras,
576 840 676 869 cum
698 824 863 868 fastidio
890 819 1111 903 praeteristi
1141 834 1150 862 ξ
1177 819 1326 861 oculus
1356 825 1453 860 tuus
1478 814 1571 859 sons
1599 812 1676 858 tibi

308 897 389 942 suit
405 906 448 941 et
468 898 586 956 origo
607 895 787 956 peccati.

366 969 478 1013 VIII.
516 969 702 1026 Ideoque
722 966 834 1010 oculi
852 965 914 1008 tui
931 979 1016 1007 non
1041 962 1131 1022 lupi
1151 960 1264 1005 oculi
1282 959 1386 1009 sint,
1406 965 1448 1001 et
1468 957 1675 1001 insidian-

307 1041 359 1086 tis
395 1042 449 1084 ad
477 1032 688 1101 praedam,
723 1040 798 1083 sed
828 1038 939 1087 sicut
975 1036 1148 1095 Sponsae
1186 1033 1344 1077 dieitur
1370 1046 1380 1074 ξ
1419 1049 1435 1071 α
1455 1030 1582 1075 Oculi
1612 1029 1675 1073 tui

304 1120 481 1172 »stagna
507 1112 550 1155 in
571 1112 766 1159 Esebon,
793 1110 836 1152 in
862 1107 994 1168 portis
1018 1106 1114 1149 filis:
1139 1106 1373 1148 multorum
1403 1118 1412 1146 :
1438 1117 1563 1145 nares
1591 1109 1676 1144 tuae

306 1203 323 1223 ι
337 1183 446 1226 sicut
465 1178 594 1226 turris
609 1181 801 1226 Libani1.
826 1199 842 1221 n
856 1180 1011 1238 Stagna
1034 1177 1077 1220 in
1093 1177 1263 1219 Esebon
1286 1173 1390 1233 quid
1407 1181 1496 1224 est,
1527 1172 1605 1216 nisi
1632 1172 1675 1216 in

305 1253 631 1312 cogitationibus
656 1251 977 1295 rationabilibus
1001 1247 1283 1294 abundantia,
1303 1260 1398 1304 quae
1421 1251 1484 1288 est
1506 1243 1549 1286 in
1570 1258 1675 1302 por-

308 1326 360 1368 tis
381 1325 599 1375 Ecclesiae,
623 1324 692 1368 cui
715 1323 866 1366 merito
888 1322 1077 1365 defertur
1093 1319 1323 1363 multitudo
1347 1315 1583 1378 doctrinae?
1602 1313 1676 1360 Fi·-

305 1396 362 1441 lia
390 1396 504 1439 enim
529 1396 759 1439 multarum
779 1427 790 1444 ,
816 1393 1096 1452 plurimarum
1132 1390 1424 1435 doctrinarum
1450 1386 1674 1446 posteritas

306 1466 456 1510 ess'ecta
491 1474 553 1510 est
576 1498 587 1515 ,
618 1464 740 1523 cujus
767 1480 890 1507 nares
918 1463 1024 1506 odo'r
1055 1470 1119 1506 est
1159 1460 1465 1504 sacrificiorum
1496 1457 1674 1501 floribus

305 1538 503 1581 omnihus
531 1539 747 1593 praes-tans.
787 1535 903 1588 Quid
924 1533 1038 1577 enim
1072 1532 1229 1576 Christi
1255 1534 1386 1574 odore
1413 1529 1635 1574 sublimius
1658 1562 1669 1579 .

305 1607 378 1666 qui
401 1608 598 1652 abolebat
627 1606 765 1650 thuris
788 1604 1085 1665 flagrantiam?
1111 1604 1274 1647 Oculus
1296 1618 1396 1662 ergo
1428 1602 1506 1646 iste
1529 1599 1675 1660 provi-

307 1679 405 1722 deat
427 1694 520 1736 quae
540 1676 682 1721 sutura
705 1685 803 1720 sunt
829 1692 838 1719 τ
862 1685 905 1720 et
923 1676 955 1719 si
981 1677 1154 1719 adversa
1171 1673 1393 1717 imminere
1414 1670 1669 1732 praeviderit,

304 1749 410 1793 fletu
431 1749 717 1808 lacrymisque
735 1748 926 1790 emollire
950 1761 998 1789 ac
1019 1746 1216 1803 mitigare
1238 1761 1324 1788 non
1346 1744 1523 1788 desinat.

365 1820 443 1864 IX.
481 1821 582 1863 Ideo
610 1819 842 1863 Hieremias
873 1818 917 1860 in
941 1817 1184 1875 captivitate
1210 1816 1345 1874 gentis
1368 1815 1527 1859 Judaeae
1555 1813 1673 1874 posi-

305 1901 399 1942 tus,
425 1891 612 1934 futuram
641 1890 875 1949 praevidens
902 1896 1117 1947 perpetuae
1142 1887 1393 1946 captivitatis
1416 1900 1670 1936 aerumnam,

306 1961 432 2020 quam
453 1961 642 2020 perfidiae
655 1961 790 2019 pretio
803 1959 827 2003 J
833 1959 1050 2002 udaeorum
1064 1960 1246 2018 populus
1260 1958 1445 2001 habebat
1458 1959 1671 2006 exolvere,

311 2034 479 2077 dicebat
510 2033 553 2075 in
579 2033 758 2076 Threnis
787 2032 864 2074 sub
889 2031 970 2075 hac
999 2032 1148 2074 eadem
1167 2031 1307 2073 littera
1333 2045 1343 2072 :
1378 2048 1394 2069 α
1417 2029 1465 2072 In
1489 2029 1572 2072 hoc
1595 2042 1674 2086 ego

304 2123 322 2145 ι)
336 2103 418 2146 sseo
437 2137 446 2153 ,
474 2104 587 2147 oculi
604 2100 687 2146 'mei
710 2103 996 2162 caligaverunt
1013 2118 1035 2145 a
1056 2101 1161 2145 fletu
1178 2118 1189 2152 3
1214 2101 1313 2160 quia
1339 2099 1550 2159 elongavit
1567 2115 1587 2142 a
1605 2113 1676 2142 me

307 2175 411 2234 »qui
436 2190 504 2218 me
527 2175 826 2218 consolabatur
840 2173 869 2218 ².
899 2193 914 2214 n
928 2174 1021 2218 Non
1046 2172 1174 2231 igitur
1195 2172 1430 2215 abductum
1448 2185 1492 2214 se
1512 2185 1602 2214 esse
1622 2170 1677 2214 de

305 2246 430 2290 terris
452 2246 537 2288 suis
555 2246 741 2296 dolebat,
762 2247 835 2289 sed
858 2261 879 2288 a
904 2244 1071 2287 Christo
1088 2245 1295 2302 populum
1318 2241 1646 2300 relinquendum
1662 2271 1674 2290 ,

311 2317 731 2376 consolationemque
774 2317 927 2360 suturae
960 2315 1053 2359 vitae
1078 2315 1291 2360 cernebat
1327 2314 1536 2358 amissam.
1576 2312 1676 2371 Haec

309 2397 374 2432 est
410 2404 508 2431 tere
544 2389 726 2431 dolenda
763 2387 998 2447 captivitas,
1043 2401 1135 2444 qu‘e
1165 2394 1332 2428 aeternae
1367 2384 1459 2449 spei
1483 2383 1678 2428 libertate

310 2458 470 2516 privata
490 2459 723 2502 videbatur.
752 2458 846 2502 Alio
864 2473 1032 2516 quoque
1048 2458 1142 2499 loco
1165 2457 1242 2499 sub
1266 2456 1347 2499 hac
1368 2457 1517 2499 eadem
1539 2453 1678 2498 littera

314 2530 515 2588 repetivit
536 2530 578 2572 in
609 2530 805 2581 Threnis‚
835 2531 981 2573 diceus
1012 2544 1021 2571 :
1063 2547 1077 2568 α
1099 2528 1306 2571 Dominus
1335 2544 1427 2586 qua-3
1451 2525 1675 2586 cogitavit,

315 2619 333 2642 n
346 2601 672 2651 consummavit,
690 2602 870 2644 verbum
884 2615 1008 2645 suum
1029 2601 1144 2658 quod
1157 2599 1375 2644 mandavit
1391 2614 1414 2643 a
1437 2598 1586 2643 diebus
1608 2612 1679 2641 an·

360 2699 373 2724 ¹.
391 2690 487 2725 Cant.
500 2702 558 2732 vn,
575 2692 610 2732 4.
628 2710 668 2718 -
682 2700 694 2716 ²
712 2693 879 2750 Threnfl,
896 2693 946 2734 15,
972 2690 1025 2726 16.
