1800 3236
344 264 435 328 '294
898 279 930 309 s»
970 278 1161 311 sumansu

343 356 454 418 libus
475 363 517 401 et
542 349 829 414 impudieitiis,
856 356 898 399 in
921 357 1263 401 contentionibus
1284 366 1326 402 et
1343 358 1707 417 aemulationibus,

346 430 519 482 indutus
530 427 778 474 vestimenta
789 428 959 476 diaboli,
975 445 1060 472 non
1071 429 1408 486 Christum.Haec
1421 430 1529 481 fiunt
1541 418 1710 490 quando

340 491 464 557 *verbi
481 502 654 546 lucerna
665 515 750 543 non
761 501 887 545 lucet.
903 500 937 545 N
944 515 1127 559 unquam
1138 516 1237 560 ergo
1253 502 1512 561 negligamus
1523 502 1712 555 Verbum

343 572 543 623 Domini,
574 586 625 617 ex
655 586 737 629 quo
761 570 883 613 nobis
913 570 1104 615 omnium
1127 571 1244 630 origo
1271 573 1475 627 virtutum
1497 582 1584 627 est,
1615 573 1711 624 uni-

347 631 652 700 'versorumque
675 657 852 701 operum
875 641 1046 700 quidam
1067 658 1302 700 processus.
1335 643 1379 686 Si
1409 644 1603 691 membra
1624 659 1714 692 cor÷

344 715 460 775 poris
482 713 613 760 nostri
635 713 724 756 sine
743 715 839 757 luce
855 714 1019 773 operari
1039 722 1154 758 recte
1175 730 1261 759 non
1283 724 1469 773 queunt;
1500 713 1624 773 (nam
1644 731 1715 774 pe-

347 787 421 831 des
434 784 633 829 vacillant
653 784 743 827 sine
756 784 916 827 lumine
929 817 940 834 ‚
965 793 1008 827 et
1028 799 1177 827 manus
1197 786 1384 843 errant,)
1410 786 1715 844 quantomagis

350 858 405 900 ad
419 855 539 901 verbi
558 856 703 901 lumen
716 856 934 914 dirigenda
949 863 1046 898 sunt
1063 855 1213 898 animae
1224 865 1376 899 nostrae
1389 857 1576 915 vestigia,
1591 865 1717 915 atque

352 928 508 973 mentis
531 925 749 971 incessus?
765 926 874 969 Sunt
890 935 932 969 et
954 941 1104 968 manus
1123 925 1271 969 animae
1292 942 1384 984 quae
1410 927 1719 986 benetangunt

346 997 375 1055 (
390 1007 439 1043 ut
469 998 607 1057 tetigit
633 998 818 1041 Thomas
843 996 1066 1041 dominicae
1091 997 1411 1049 resurrectionis
1434 998 1589 1049 indicia
1606 998 1617 1020 ²
1639 998 1653 1056 )
1683 998 1717 1043 si

354 1069 486 1114 Verbi
505 1069 723 1129 praesentis
743 1068 866 1112 nobis
881 1069 1026 1111 lumen
1052 1070 1205 1112 luceat.
1226 1070 1327 1120 Haee
1346 1071 1519 1120 lucerna
1541 1085 1719 1122 accensa

353 1141 408 1184 sit
428 1141 471 1185 in
491 1141 609 1184 omni
626 1140 778 1188 verbo,
802 1139 846 1183 in
867 1139 983 1182 omni
1002 1155 1142 1198 opere.
1167 1139 1234 1183 Ad
1245 1141 1355 1184 hanc
1371 1142 1591 1190 lucernam
1609 1156 1720 1200 gres-

352 1226 422 1261 sus
444 1219 588 1255 noster
607 1211 783 1254 sorensis
799 1210 1073 1268 internusque
1091 1220 1324 1257 moveatur.

411 1281 530 1326 XIII.
567 1281 652 1325 Sed
671 1281 759 1338 jam
781 1281 1103 1340 progrediamur
1124 1283 1175 1324 ad
1193 1291 1343 1325 caetera
1357 1315 1368 1333 ,
1395 1291 1438 1326 et
1453 1282 1527 1326 fiat
1541 1283 1720 1342 pedibus

353 1353 459 1397 meis
483 1354 659 1396 lucerna
690 1352 879 1396 Verbum
906 1352 1006 1407 Dei,
1036 1361 1079 1395 et
1110 1353 1268 1396 semitis
1292 1353 1398 1401 meis
1418 1355 1502 1398 lux.
1537 1354 1721 1403 Pedibus

351 1425 527 1470 lucerna
548 1424 647 1467 satis
662 1432 726 1466 est
740 1425 794 1466 ad
814 1423 1142 1473 ambulandum,
1168 1424 1327 1469 semitis
1349 1439 1435 1470 nou
1457 1432 1521 1475 est
1543 1425 1641 1476 satis
1669 1425 1722 1468 ad

345 1494 682 1540 ,illuminandum
706 1511 717 1544 ;
743 1494 857 1537 idem
887 1493 1076 1537 Verbum
1099 1502 1241 1539 tamen
1269 1503 1311 1542 et
1339 1496 1518 1553 pedibus
1548 1498 1721 1545 lucerna

356 1573 444 1614 est,
471 1572 515 1608 et
536 1563 694 1607 semitis
716 1565 789 1610 lux
804 1571 890 1613 est;
909 1564 1008 1621 quia
1031 1564 1143 1608 idem
1165 1565 1407 1623 unigenitus
1428 1565 1506 1615 Dei
1528 1565 1660 1614 Fssius
1681 1574 1724 1614 et

354 1636 698 1694 delinquentibus
738 1637 992 1693 advocatus,
1027 1644 1069 1678 et
1105 1645 1400 1681 remunerator
1427 1647 1491 1682 est
1514 1638 1721 1689 fortibus,

353 1716 632 1767 peccatorum
649 1707 863 1756 remissor,
887 1706 1158 1764 praemiorum
1174 1708 1360 1765 largitor.
1689 1764 1704 1778 β

413 1777 526 1824 XIV.
565 1778 711 1834 Itaque
733 1777 803 1819 cui
823 1778 998 1819 lucerna
1021 1775 1147 1818 fuerit
1166 1776 1356 1820 Verbum
1374 1777 1473 1829 Dei,
1498 1778 1600 1825 huic
1622 1794 1720 1838 quo-

297 1867 300 1870 ·
355 1863 541 1905 eumque
561 1847 732 1906 pergit,
746 1848 891 1890 lucent
911 1846 1095 1897 semitae,
1125 1847 1235 1899 sicut
1252 1849 1458 1892 lucebant
1468 1859 1619 1898 sancto
1644 1851 1724 1899 Da.-

356 1919 452 1967 vid;
478 1926 521 1963 et
541 1917 636 1961 ideo
658 1917 777 1975 quasi
802 1917 845 1959 in
867 1917 1027 1964 lumine
1051 1910 1271 1960 ambulans
1294 1918 1397 1963 dicit
1423 1935 1465 1962 :a
1491 1920 1638 1969 Juravi
1654 1954 1664 1971 ,
1682 1930 1727 1968 et

358 2006 375 2028 »
389 1987 514 2030 statui
536 1984 761 2030 custodire
769 1987 928 2043 judicia
948 1986 1118 2044 justitiae
1142 1996 1236 2033 tuae.
1264 1988 1520 2037 Humiliatus
1541 2006 1635 2035 sum
1653 2007 1725 2035 us·-

363 2077 380 2099 ιι
396 2057 690 2116 quequaque2.
709 2076 725 2098 n
738 2057 831 2101 Vox
847 2057 1103 2100 ambulantis
1125 2057 1165 2101 in
1182 2059 1341 2102 lumine
1353 2062 1417 2103 est
1432 2075 1531 2107 cum
1547 2061 1726 2104 auctori-

356 2138 443 2173 tate
466 2130 606 2173 dicere
638 2144 648 2171 ε
675 2146 692 2169 α·
712 2128 886 2178 Juravi,
912 2136 956 2171 et
977 2123 1118 2171 statui.
1145 2147 1161 2168 1>
1181 2129 1267 2182 Qui
1297 2130 1410 2173 enim
1441 2131 1609 2183 statuit,
1639 2147 1726 2177 nou

355 2209 568 2251 movetur,
600 2216 689 2244 non
719 2201 872 2244 metuit
892 2216 947 2243 ne
968 2201 1119 2250 cadat3
1152 2202 1252 2258 quia
1284 2203 1380 2259 plus
1415 2211 1476 2246 est
1513 2211 1727 2255 statuere,

356 2289 483 2331 quam
502 2281 623 2316 stare.
647 2272 739 2316 Stat
755 2272 1025 2330 igiturDavid
1041 2273 1193 2315 mentis
1209 2274 1388 2317 statione
1405 2275 1626 2327 fundatus,
1644 2291 1726 2324 uec

355 2346 478 2388 timet
507 2360 561 2394 ne
586 2344 629 2386 in
663 2343 729 2387 his
758 2343 908 2387 mundi
946 2342 1073 2401 hujus
1105 2343 1290 2389 tenebris
1320 2345 1450 2403 possit
1483 2361 1651 2395 errare:
1691 2347 1726 2393 si

360 2416 475 2462 euim
498 2421 732 2463 metueret,
756 2429 842 2457 non
863 2413 1026 2471 juraret
1051 2428 1060 2456 :
1087 2413 1120 2456 si
1143 2414 1400 2472 trepidaret,
1420 2425 1565 2460 utrum
1586 2416 1725 2460 divina

354 2494 496 2544 posset
524 2485 741 2534 custodire
762 2484 920 2543 judicia
936 2517 948 2535 ‚
986 2498 1071 2529 uon
1101 2499 1200 2527 cum
1222 2485 1502 2544 jurisjurandi
1523 2495 1727 2536 statueret

354 2563 633 2609 sacramento.
659 2555 793 2608 Nemo
815 2556 924 2601 bene
951 2555 1088 2613 jurat,
1113 2555 1194 2601 nisi
1217 2556 1288 2614 qui
1318 2566 1457 2616 potest
1481 2558 1591 2605 scire
1612 2559 1727 2616 quod

401 2654 410 2669 ¹
436 2646 535 2680 Joan.
559 2658 614 2688 xx,
633 2658 684 2691 27.
700 2666 740 2673 -
755 2657 769 2673 ²
789 2647 874 2682 Psal.
893 2658 1007 2690 exviu,
1030 2647 1101 2682 106.
1148 2689 1151 2692 Δ
