1800 3236
356 313 440 355 208
907 322 937 350 5.
978 296 1172 350 Atianosu

353 406 439 449 illic
458 404 636 463 judaicae
654 402 791 445 ferma
815 401 1053 460 impietatis
1065 400 1340 481 exprimitur:
1362 400 1419 444 ita
1435 400 1504 443 hic
1521 399 1724 460 Ecclesi&

351 475 481 535 gratia
509 475 734 518 reveletur.
764 471 994 531 Prophetat
1015 472 1129 514 enim
1147 480 1286 515 totum
1307 472 1456 515 orbem
1471 457 1725 531 replendum

356 561 447 589 esse
470 546 622 589 timore
640 545 806 594 divino,
831 551 874 587 et
895 544 992 586 ideo
1020 542 1137 600 quasi
1159 543 1357 586 timentes
1386 543 1524 586 Deum
1554 550 1726 586 sancto-

356 634 451 662 rum
487 617 590 661 dicit
620 616 862 675 cognitione
898 615 1055 677 laetari;
1087 615 1159 672 qui
1187 614 1300 657 enim
1332 615 1446 658 videt
1470 598 1655 672 justum,
1683 622 1724 670 et

358 690 539 749 gaudet,
564 688 691 731 ctiam
714 688 802 746 ipse
819 689 909 731 vult
931 703 1020 730 esse
1036 686 1187 744 justus.
1214 686 1448 730 Pulchrum
1471 695 1534 730 est
1549 683 1664 730 cniin
1679 696 1728 730 ut

362 762 404 804 in
429 761 516 804 aliis
539 762 777 804 delectetur
794 794 804 810 ,
829 761 945 817 quod
966 760 1054 803 vult
1078 759 1120 800 in
1143 774 1186 801 se
1207 774 1398 808 servaro,
1428 759 1460 802 si
1482 758 1722 819 sumpserit.

361 833 437 875 Est
459 832 572 875 enim
594 831 766 874 insitum
790 831 938 880 bonis3
965 839 1011 872 ut
1029 838 1209 879 castum,
1230 830 1452 888 pudicum,
1473 833 1727 888 prudentem

358 905 522 963 sapiens
540 903 694 946 affectu
711 904 780 962 pio
795 903 894 960 dilig
879 910 952 950 at,
973 901 1212 944 misericors
1233 901 1476 964 liberalem3
1495 910 1537 945 et
1551 901 1727 945 virtutes

360 992 454 1019 suas
470 976 511 1018 in
531 976 619 1018 aliis
643 983 767 1018 amet.
789 974 1003 1032 Plerisque
1020 973 1132 1015 enim
1149 972 1251 1031 justi
1275 961 1470 1032 aspectus
1495 966 1729 1017 admonitio

360 1046 635 1090 correctionis
670 1054 755 1094 est,
793 1044 1118 1103 perfectiorib’us
1150 1058 1250 1087 vero
1285 1043 1428 1087 laetitia
1467 1052 1545 1087 est.
1588 1044 1729 1097 Quam

350 1118 581 1177 pulchrum
615 1131 742 1175 ergo,
757 1118 819 1159 'ut
850 1115 1029 1159 vidraris
1063 1122 1104 1157 et
1133 1114 1309 1174 prosis?
1335 1115 1503 1158 Bonum
1536 1129 1636 1173 ergo
1668 1114 1732 1158 vir

360 1189 511 1246 justus.

417 1258 573 1301 XXIII.
609 1258 835 1315 Propterea
875 1256 1058 1314 denique
1094 1257 1249 1299 Paulus
1286 1222 1501 1313 apostolus
1541 1240 1731 1298 ascendit
1784 1301 1786 1305 v

362 1331 720 1387 Hierosolymam,
744 1337 791 1370 ut
811 1328 946 1386 justos
973 1327 1202 1370 videret¹:
1229 1335 1271 1370 et
1298 1341 1397 1370 cum
1422 1327 1544 1370 Petro
1575 1327 1730 1386 mansit

361 1401 509 1446 diebus
536 1399 804 1457 quindecim3
830 1407 876 1441 ut
895 1414 947 1441 ex
969 1398 1060 1456 ejus
1083 1398 1242 1455 aliquid
1263 1394 1579 1457 cohabitatione
1595 1398 1729 1457 profi—

360 1482 488 1519 ceret.
516 1474 743 1530 Propterea
764 1471 852 1528 ipse
871 1470 1024 1513 Paulus
1049 1478 1090 1512 et
1110 1469 1342 1519 Barnabas,
1368 1484 1467 1531 cum
1489 1469 1730 1527 Hierosoly-

357 1563 472 1591 mam
496 1545 834 1604 ingrederentur,
860 1540 1087 1600 magnifice
1110 1540 1432 1599 excipiebantur
1448 1541 1501 1583 ab
1519 1541 1725 1600 Ecclesia,

361 1620 412 1662 ab
435 1606 662 1676 Apostolis‚
690 1622 732 1657 et
747 1612 982 1670 majmibus
1003 1611 1139 1653 natu²
1148 1643 1157 1654 .
1178 1611 1316 1654 »Cum
1341 1620 1482 1655 autem
1505 1611 1621 1654 abire
1638 1612 1727 1654 vel-

358 1691 468 1738 lent,
498 1703 551 1730 ne
573 1686 858 1733 discederent,
884 1698 959 1741 ro‹
945 1682 1170 1725 abantur·
1183 1691 1256 1732 et,
1282 1691 1329 1726 ut
1351 1691 1495 1741 postea
1517 1669 1571 1726 de
1594 1681 1724 1725 Paulo

357 1760 535 1818 legimus
551 1790 562 1807 ‚
591 1770 690 1799 cum
716 1753 915 1812 lacrymis
939 1752 1301 1796 deducebantur³.
1335 1753 1442 1815 Nam
1463 1753 1496 1795 si
1517 1760 1584 1795 cst
1608 1760 1725 1795 tanta

358 1834 418 1877 vis
436 1831 485 1873 in
502 1827 782 1876 naturalibus,
805 1834 854 1868 ut
879 1824 1033 1867 animal
1055 1825 1190 1868 visum
1207 1825 1341 1886 prosit
1355 1824 1575 1867 ictericis·
1562 1857 1573 1873 ,
1576 1824 1656 1867 ita
1675 1832 1724 1867 ut

358 1903 515 1948 mortui
536 1914 706 1958 quoque
733 1912 867 1939 cornu
885 1896 1010 1953 ejus
999 1896 1224 1938 animantis
1248 1897 1449 1954 prodesse
1465 1882 1663 1946 dicatur,
1689 1895 1724 1938 si

355 1976 481 2020 suerit
505 1974 838 2017 demonstiatum
864 1968 929 2018 iis,
954 1967 1026 2024 qui
1052 1967 1298 2025 hujusmodi
1321 1967 1549 2010 inciderint
1569 1965 1724 2026 passio-

357 2063 484 2092 nem:
509 2044 700 2088 dubitare
723 2055 945 2100 possumus
967 2040 1078 2096 quod
1097 2039 1198 2097 justi
1220 2047 1343 2082 sanet
1360 2037 1589 2096 aspectus?
1611 2036 1722 2096 Ergo

355 2119 438 2162 vile
455 2115 609 2160 animal,
629 2111 916 2156 irrationabile
932 2117 1093 2152 tantam
1118 2109 1317 2152 virtutem
1340 2109 1485 2156 habet,
1503 2116 1551 2151 ut
1572 2114 1722 2150 sanare

356 2185 720 2249 possithominem
737 2170 954 2225 momento
977 2180 1144 2238 exiguo,
1159 2195 1243 2237 quo
1263 2180 1460 2223 videtur:
1485 2178 1651 2222 homo
1637 2193 1721 2242 Jus-

354 2270 439 2309 tus,
460 2259 492 2302 si
512 2267 651 2301 tamen
674 2269 770 2298 cum
791 2252 875 2296 fide
898 2253 949 2295 ab
972 2267 1022 2294 eo
1051 2251 1293 2309 aspiciatur,
1319 2251 1391 2308 qui
1415 2250 1642 2314 utilitatem
1667 2250 1719 2292 ab

355 2349 406 2377 eo
432 2329 650 2390 percipere
668 2325 892 2373 desiderat,
911 2323 1017 2366 nihil
1038 2321 1231 2365 confert?
1253 2322 1405 2365 Annon
1428 2321 1528 2364 vel‘
1517 2320 1595 2384 ipsi
1614 2316 1719 2365 ocu-

355 2406 495 2448 lorum
510 2399 617 2443 radii
636 2397 834 2440 virtutem
853 2394 1080 2452 quamdam
1101 2393 1297 2436 videntur
1313 2391 1567 2435 infundere
1556 2391 1621 2441 iis,
1646 2391 1718 2449 qui

355 2474 536 2518 fideliter
557 2485 656 2513 eum
681 2468 822 2511 videre
844 2463 1117 2511 desiderant?

413 2541 570 2588 XXIV.
597 2539 681 2583 Sed
697 2537 1053 2597 quemadmodum
1070 2535 1207 2593 justus
1223 2532 1409 2577 laetificat
1425 2548 1499 2577 cor
1515 2531 1714 2576 innocen-
1775 2573 1777 2575 ,

284 2669 288 2672 J
352 2617 460 2661 tium
475 2646 486 2664 ,
510 2627 608 2656 eum
629 2610 822 2654 videtur:
847 2593 905 2651 it‘a
925 2605 1108 2665 improbi
1128 2605 1340 2663 justorum
1366 2605 1607 2663 cognitione
1632 2612 1713 2648 tor-

398 2719 407 2734 1
431 2706 535 2741 Galat.
554 2717 577 2744 1,
597 2704 644 2738 18.
659 2721 698 2728 —-
716 2713 727 2728 ¹
750 2703 821 2735 Aet.
842 2712 896 2739 m,
911 2700 943 2740 4,
959 2718 999 2725 ψ-
1013 2700 1026 2721 ³
1043 2698 1094 2733 Id.
1114 2709 1168 2740 xx,
1188 2698 1239 2731 58.
1508 2703 1509 2706 ’
1543 2704 1559 2711 '
1620 2680 1651 2737 [ἶ
