1800 3236
325 319 409 370 342
872 333 908 365 ο.
946 332 1138 364 Amnaosn

381 411 459 456 XI.
491 412 544 455 Et
567 419 708 455 tamen
728 410 797 454 ille
820 410 907 469 ipse
925 411 1203 470 philosophiae
1224 426 1414 455 summus
1432 444 1445 462 ,
1470 420 1518 456 ut
1539 411 1683 468 aiunt,
1702 436 1706 439 -

324 484 538 543 magister,
556 498 653 526 cum
673 490 959 532 accusaretur,
978 482 1263 542 interrogatus
1277 498 1360 541 qua
1375 484 1546 526 tandem
1561 498 1684 542 poena

323 571 368 600 se
390 556 565 615 dignum
582 562 763 613 putaret,
784 554 1049 612 respondisse
1071 554 1221 605 fertur,
1242 564 1291 599 ut
1311 555 1354 598 in
1376 555 1586 614 Prytaneo
1602 570 1687 615 pu-

323 629 438 673 blico
464 627 653 686 quotidie
678 625 869 669 convivio
892 625 1191 684 susciperetur.
1222 627 1299 670 Ille
1325 626 1535 669 honorem
1559 642 1688 670 usur-

322 700 453 759 pavit,
476 699 546 742 hic
563 697 762 756 praecavit
784 711 1018 740 aerumnam
1041 712 1052 740 τ
1076 698 1146 741 ille
1163 697 1341 755 gloriam
1365 698 1591 756 arrogavit,
1616 698 1688 742 hic

321 769 606 815 humilitatem
630 768 820 811 servavit.
849 767 955 812 Nam
981 783 1076 825 quae
1098 767 1237 826 major
1252 782 1343 811 esse
1369 768 1584 812 humilitas
1608 784 1687 829 po-

325 849 409 885 test
424 875 435 892 ,
457 857 585 900 quam
608 848 657 883 ut
681 839 877 884 conscius
898 839 978 882 sibi
1002 839 1150 897 judicii
1176 847 1219 882 et
1244 838 1416 898 justitiae
1438 847 1691 890 reservatae,

324 912 435 955 tradi
452 911 647 970 potestati
665 910 823 954 diaboli
843 918 1061 954 vereretur
1079 909 1097 952 P
1118 909 1344 953 Hominem
1361 925 1407 954 se
1429 925 1519 953 esse
1533 924 1691 970 cogno-2

321 983 397 1033 vit,
423 983 560 1041 impar
582 982 660 1025 sibi
677 982 838 1025 bellum
858 981 1081 1024 adversum
1102 980 1304 1039 spiritalia
1325 980 1523 1038 nequitiae
1540 979 1583 1024 in
1601 996 1692 1026 (ιω-..-

323 1053 528 1098 lestibus:
559 1062 729 1112 raptum
754 1052 872 1096 novit
899 1051 1049 1096 Enoch
1077 1067 1194 1103 esse,
1228 1066 1284 1094 ne
1317 1051 1479 1096 malitia
1506 1059 1692 1095 mutaret

325 1139 401 1170 cor
429 1124 521 1183 ejus
545 1141 555 1168 ε
580 1125 669 1168 Noe'
691 1124 949 1167 inebriatum
967 1156 978 1173 ,
1006 1122 1088 1167 Lot
1118 1123 1395 1172 incestatum,
1425 1122 1692 1166 sacerdotem

324 1197 512 1257 primum
533 1196 671 1256 ipsum
695 1194 838 1239 Aaron
862 1209 960 1237 cnm
989 1194 1118 1237 Maria
1138 1209 1283 1236 sorore
1309 1201 1541 1242 tentatum,
1563 1193 1692 1252 leprae

323 1267 504 1311 maculis
544 1281 758 1324 aspersam
795 1265 971 1310 Mariam
1012 1265 1199 1323 primum
1216 1298 1227 1315 ‚
1265 1271 1382 1323 post,
1420 1264 1658 1308 absolutam
1677 1278 1690 1306 ε

326 1338 501 1395 Moysen
537 1351 646 1395 pene
688 1336 1017 1384 internecatum,
1059 1335 1140 1378 nisi
1179 1334 1504 1379 circumcisione
1535 1333 1626 1384 filii,
1650 1340 1693 1379 et

328 1408 539 1466 ejusmodi
563 1407 777 1466 sanguinis
800 1406 965 1449 fusione
988 1405 1178 1464 Sephora
1199 1405 1354 1449 mulier
1373 1405 1465 1462 ejus
1491 1419 1619 1448 omne
1640 1405 1692 1448 ab

329 1494 380 1522 eo
406 1479 644 1537 periculum
661 1477 904 1536 depulisset.
933 1477 1006 1520 His
1032 1476 1160 1535 igitur
1184 1465 1470 1520 commonitus
1491 1475 1694 1534 exemplis

329 1563 601 1607 nequaquam
618 1564 663 1592 se
681 1546 922 1591 fortitudini
943 1561 1027 1589 suae
1045 1546 1182 1590 credit
1202 1562 1213 1589 :
1239 1547 1315 1590 sed
1335 1554 1459 1590 cauta
1480 1544 1696 1589 humilitas

331 1620 523 1664 divinum
549 1620 629 1663 sibi
651 1619 869 1678 precando
892 1617 1060 1661 asciscit
1075 1617 1301 1668 auxilium,
1326 1625 1475 1676 petens
1491 1631 1545 1659 ne
1562 1615 1698 1660 trada-

334 1701 403 1736 tur
422 1691 690 1734 nocentibus.

389 1763 485 1808 ΧΠ.
521 1749 754 1805 Scit‘enim
785 1767 1003 1802 auctorem
1033 1773 1124 1802 esse
1154 1758 1394 1817 principem
1422 1757 1572 1802 mundi
1604 1773 1698 1806 ome,-

332 1836 451 1880 nium
474 1834 739 1877 delictorum.
769 1832 863 1889 Ipse
878 1831 1116 1874 individuos
1134 1831 1424 1889 proximorum
1447 1830 1607 1874 irarum
1622 1829 1699 1872 sti-

330 1906 459 1950 mulis
483 1904 686 1947 cxcitatos
716 1902 871 1945 scindit
894 1902 1070 1946 affectus
1096 1918 1105 1946 :
1137 1902 1227 1961 ipse
1258 1902 1475 1945 flammam
1503 1901 1700 1945 accendit

331 1975 519 2021 libidinis
545 1991 555 2018 :
582 1975 669 2033 ipse
692 1975 832 2016 adolet
853 1973 1034 2017 avaritiae
1052 1973 1305 2032 cupiditates
1318 1990 1330 2022 ;
1349 1981 1396 2016 ut
1411 1989 1496 2031 quo
1519 1975 1614 2032 plus
1630 1988 1700 2017 ra-

332 2047 550 2106 puerimus
564 2079 575 2094 ,
601 2044 779 2103 amplius
801 2045 1092 2102 requiramus:
1112 2045 1200 2103 ipse
1219 2045 1407 2102 suggerit
1426 2052 1469 2088 et
1491 2044 1701 2087 ministrat

335 2117 521 2161 fomenta
543 2115 718 2159 luxuriae
739 2131 748 2158 :
774 2115 861 2174 ipse
888 2116 985 2159 odia
1009 2124 1252 2174 exasperat,
1282 2125 1325 2159 et
1350 2115 1588 2159 immodicae
1609 2123 1702 2159 stu-

332 2189 453 2232 dium
490 2187 731 2231 ambitionis
766 2187 1014 2231 inflammat.
1051 2188 1180 2240 Quod
1221 2187 1371 2231 vitium
1413 2188 1619 2232 blandum
1657 2186 1701 2230 in

336 2260 537 2310 exordio,
569 2274 726 2302 saevum
758 2258 802 2314 in
828 2274 1056 2317 processu,
1083 2274 1162 2302 nec
1189 2260 1385 2303 fraterna:
1415 2258 1701 2318 germanitatis

335 2331 476 2390 potuit
498 2330 856 2388 contemplatione
878 2331 1080 2374 revocari.
1101 2330 1213 2374 Dum
1232 2332 1346 2374 dolet
1366 2330 1446 2374 sibi
1463 2330 1608 2389 gratiae.
1620 2344 1702 2373 coe-

335 2402 450 2446 lestis
462 2401 646 2444 ambitor
661 2401 836 2444 fratrem
851 2417 941 2444 esse
952 2403 1170 2460 praelatum
1183 2435 1194 2452 ‚
1211 2404 1264 2444 de
1274 2402 1484 2445 sacrificio
1497 2401 1702 2461 processit

335 2474 391 2515 ad
411 2472 700 2531 parricidium.
734 2472 965 2516 Auctorem
994 2473 1121 2532 igitur
1142 2474 1458 2517 incontinentiae
1485 2473 1702 2517 diabolum

331 2558 424 2586 esse
446 2541 672 2601 Apostolus
691 2544 817 2587 docet
836 2559 846 2586 :
863 2561 879 2583 «
900 2544 962 2588 Ne
983 2552 1120 2587 tentet
1138 2559 1212 2588 vos
1233 2553 1408 2604 propter
1431 2543 1703 2587 incontinen-

329 2613 461 2656 »tiam
491 2613 713 2659 vestram¹.
738 2633 754 2657 u
769 2614 1042 2660 Incentorem
1059 2630 1230 2674 quoque
1246 2615 1431 2660 avaritiae
1453 2614 1594 2675 ipsum
1610 2629 1702 2658 esse

376 2711 389 2730 ι
412 2714 425 2736 ι
439 2703 520 2740 Cor.
534 2714 590 2744 vu.
606 2706 641 2740 5.
