1800 3236
400 296 482 344 190
946 294 978 329 s.
1017 296 1209 329 Aninnosn

393 382 411 437 ἓ
452 377 547 426 XV.
586 379 785 439 Sequitur
803 393 945 424 versus
964 387 1162 437 quartus:
1179 377 1350 422 «Bonus
1367 390 1429 429 es,
1446 369 1642 428 Domine,
1661 384 1705 421 et·
1719 376 1761 421 ἰή

395 451 614 496 »bonitate
641 448 714 496 tua
736 454 842 496 doce
865 467 933 496 me
953 451 1135 510 justitias
1155 449 1292 494 tuas⁵.
1319 448 1485 493 »Etiam
1514 459 1622 511 usus>
1640 443 1760 492 disci-

396 524 520 583 plinae
554 525 765 568 saecularis
801 524 988 583 accepit,
1024 531 1072 567 ut
1102 521 1391 581 unusquisque
1419 520 1607 580 judicem
1639 535 1763 569 suum
1791 561 1796 566 ,

397 597 553 641 laudet.
574 599 698 641 Unde
713 597 942 657 Apostolus
959 611 1139 654 sequens
1157 595 1393 639 divinarum
1409 595 1600 656 ordinem
1618 593 1763 654 Scrip-

398 676 588 711 turarum
602 700 614 717 ,
652 684 751 711 cum
782 669 942 712 diceret
973 683 1142 711 eausam
1157 702 1167 718 ,
1198 668 1254 710 ita
1275 667 1403 726 coepit
1422 683 1430 710 :
1449 685 1466 707 <a
1481 667 1543 710 De
1565 663 1762 709 omnihus

333 742 337 746 ”
398 757 415 779 n
428 739 582 796 quihus
601 753 793 788 accusor,
813 754 885 782 rex
903 738 1104 798 Agrippa,
1125 754 1145 780 a
1163 738 1336 788 Judaeis,
1361 738 1413 780 de
1434 738 1497 781 his
1517 736 1679 781 aestimo
1697 754 1764 781 me

403 829 420 851 x»
434 810 600 853 felicem
618 842 627 860 ,
652 811 767 870 apud
795 820 837 854 te
859 810 1065 868 incipiens
1087 810 1294 852 rationem
1318 806 1508 853 reddere.
1526 809 1607 852 »Et
1629 807 1761 852 infra:

410 898 427 919 u
441 880 604 931 Credis,
625 896 699 924 rex
714 882 916 940 Agrippa,
934 880 1184 939 Prophetis?
1200 877 1297 923 Scio
1314 880 1412 938 quia
1428 879 1606 924 credis².
1625 877 1763 939 »Ergo

400 950 433 994 si
455 952 683 994 laudantur
704 952 916 1002 homines,
938 951 980 994 in
1001 950 1153 1009 quihus
1170 953 1420 1011 plerumque
1437 951 1569 994 aliena
1586 950 1765 995 laudan-'-

391 1031 473 1075 ,tur
493 1039 502 1065 :
526 1028 683 1081 quanto
700 1025 832 1082 magis
850 1024 1142 1082 unusquisque
1157 1023 1234 1066 Dei
1253 1022 1330 1066 sihi
1348 1022 1523 1084 gratiam
1539 1024 1765 1093 conciliare

400 1096 542 1145 debet,
576 1105 623 1139 ut
652 1096 824 1139 dicatu<
842 1096 986 1139 Bonus
1005 1112 1065 1145 es,
1089 1095 1284 1139 Domine.
1308 1095 1444 1139 »Nam
1475 1096 1509 1138 si
1539 1096 1623 1139 ho'c
1653 1094 1766 1139 dicat

399 1164 579 1215 homini,
599 1175 647 1208 ut
664 1180 755 1209 esse
777 1167 1075 1215 admoneatur,
1096 1168 1209 1224 quod
1230 1156 1405 1210 forsitan
1427 1181 1513 1209 non
1533 1167 1616 1218 sit}¹
1633 1176 1676 1210 et
1692 1159 1766 1210 bo-

402 1236 546 1280 nitatis
569 1236 697 1278 etiam
720 1236 808 1294 ipse
829 1236 1130 1295 praedicatione
1151 1237 1351 1289 mitescit,
1375 1241 1668 1297 terroremque
1687 1239 1769 1282 im-

397 1308 510 1351 mitis
541 1307 713 1366 deponit
743 1307 917 1351 affectus
949 1324 958 1350 :
996 1316 1155 1366 quanto
1188 1303 1319 1368 magis
1354 1302 1444 1353 Deo
1477 1310 1569 1353 laus
1600 1322 1673 1353 sua
1700 1318 1766 1353 'est

397 1378 620 1422 deserenda
637 1412 648 1428 ,
682 1378 754 1436 qui
781 1379 859 1422 nisi
881 1379 1018 1423 bonus
1042 1388 1173 1430 esset,
1207 1396 1335 1439 super
1355 1389 1513 1424 terram
1541 1389 1651 1424 stare
1672 1379 1764 1440 quis

395 1448 567 1508 posset?
586 1450 811 1508 Proprium
837 1459 978 1493 autem
1002 1450 1080 1493 Dei
1099 1459 1163 1503 est
1184 1459 1232 1494 ut
1253 1453 1392 1495 bonus
1418 1452 1483 1496 sit.
1509 1451 1703 1510 Denique
1721 1452 1765 1494 in

397 1520 626 1578 Evangelio
645 1519 800 1570 habes,
821 1520 949 1578 quia«
965 1521 1106 1571 Arbor
1122 1522 1234 1565 bona
1250 1522 1413 1566 fructus
1426 1523 1562 1566 bonos
1580 1520 1721 1567 facit³.
1738 1543 1754 1563 »

396 1591 582 1634 Fructus
605 1590 698 1649 ejus
721 1589 872 1650 Angeli
890 1599 1012 1634 sunt:
1038 1591 1200 1636 fructus
1223 1591 1314 1651 ejus
1336 1591 1529 1636 homines
1549 1589 1663 1644 sunt,
1686 1592 1768 1638 hoc

399 1670 485 1711 est,
512 1660 806 1711 rationabiles,
833 1661 988 1712 sancti,
1012 1662 1045 1704 si
1066 1663 1236 1706 Domini
1259 1672 1468 1723 praecepta
1491 1664 1736 1708 custodiunt
1755 1681 1766 1708 τ

395 1721 558 1764 fructus
581 1720 673 1779 ejus
697 1730 797 1764 sunt
817 1721 870 1771 ii,
906 1721 979 1779 qui
1001 1729 1234 1766 nascuntur
1256 1723 1297 1766 in
1320 1724 1440 1768 terris
1453 1739 1466 1775 ‚⁰
1490 1724 1766 1783 sructu'sejus

400 1801 497 1838 sunt
516 1793 694 1836 virtutes
711 1791 948 1837 hominum.
972 1793 1121 1838 Merito
1132 1811 1232 1854 ergo
1246 1794 1490 1853 arborbona
1504 1795 1640 1851 bonos
1655 1796 1766 1841 stuc-

398 1872 466 1913 tus
484 1863 599 1906 facit.
620 1863 739 1906 Prius
761 1862 888 1922 igitur
904 1865 1023 1924 radix
1038 1866 1258 1925 laudetur-3
1278 1875 1324 1910 ut
1343 1867 1507 1911 fructus
1527 1866 1766 1927 possit'proe

396 1933 502 1976 bari.
526 1932 615 1976 ‘Sed
636 1941 679 1975 et
713 1932 812 1976 alibi
835 1934 891 1977 ait
912 1935 1024 1978 idem
1045 1936 1252 1992 Dominus
1274 1937 1398 1982 Jesus
1415 1953 1424 1980 :
1442 1937 1522 1981 «Et
1535 1936 1660 1981 Pater
1676 1952 1761 1982 ves-

401 2013 510 2054 »ter,
535 2004 607 2062 qui
634 2005 771 2048 bonus
798 2013 876 2055 est,
896 2006 1014 2049 dabit
1038 2008 1151 2050 bona
1174 2009 1269 2052 data
1290 2010 1532 2067 petentibus
1543 2007 1626 2052 sest.
1650 2021 1666 2050 i»

452 2076 565 2121 XVI.
605 2076 689 2120 Sed
712 2076 902 2135 quamvis
926 2078 1064 2121 bonus
1085 2079 1197 2122 Deus
1225 2079 1296 2130 sit,
1324 2080 1446 2139 cujus
1472 2081 1763 2123 etiam‘amara

393 2148 487 2205 plus
517 2154 694 2205 prosunt
730 2149 839 2204 (non
864 2148 979 2191 enim
1008 2148 1261 2200 inferuntur,
1300 2156 1347 2194 ut
1374 2149 1590 2201 noceant,
1611 2147 1685 2194 sed
1716 2154 1764 2193 'u‘t''

394 2218 632 2276 corrigant)
659 2227 832 2277 rogatur
858 2228 1024 2270 tamen,
1054 2226 1102 2263 ut
1131 2220 1173 2263 in
1194 2221 1384 2265 bonitate
1399 2228 1479 2266 ‘sua
1502 2219 1654 2266 doceat
1678 2237 1753 2266 nos

389 2289 571 2348 justitias
593 2305 700 2333 suas.
729 2291 957 2334 Considera
979 2291 1195 2335 medicum
1220 2292 1336 2335 utilia
1361 2302 1644 2353 apponentem
1670 2308 1761 2336 me-

392 2362 630 2405 dicamenta
645 2363 912 2414 vulneribus3
937 2378 984 2405 ea
1009 2371 1150 2407 tamen
1173 2379 1266 2421 quae
1282 2365 1507 2408 mordeant
1527 2361 1683 2408 ulceris
1709 2364 1745 2408 vi

391 2447 479 2482 rus,
504 2440 576 2474 aut
591 2441 705 2476 certe
722 2433 832 2476 ferro
851 2433 1086 2492 putrefacta
1109 2442 1372 2477 resecantem
1385 2452 1397 2486 ς
1422 2450 1522 2479 cum
1541 2435 1583 2477 in
1599 2450 1650 2478 eo
1667 2433 1756 2493 ipso

391 2503 528 2547 honus
554 2504 606 2547 sit
627 2505 834 2556 medicus,
860 2505 957 2564 quia
979 2505 1204 2549 utilitatem
1226 2514 1426 2565 operatur
1448 2504 1611 2565 aegroti,
1636 2514 1679 2548 et
1704 2505 1763 2548 sa-

400 2633 403 2637 .
439 2614 447 2630 ¹
469 2606 551 2639 Psal.
582 2608 775 2650 cxv111568.
800 2620 840 2637 ι-
867 2617 882 2634 ·
912 2609 987 2643 Act.
1011 2617 1102 2651 xxvn,
1124 2620 1156 2650 2,
1190 2615 1222 2644 et
1240 2620 1292 2654 27.
1318 2627 1354 2636 -
1379 2610 1393 2634 ³
1416 2608 1537 2644 Matth.
1554 2619 1612 2651 vn,
1639 2619 1690 2655 ¹7·
1718 2626 1762 2657 -3

390 2659 510 2706 31bid.
534 2672 585 2697 ιι.
