1800 3236
349 282 407 329 86
903 296 936 327 s.
979 295 1179 327 sunnosu

353 371 456 416 dicit
478 372 520 415 in
540 372 605 415 his
626 371 812 415 Ecclesia
827 404 840 423 ‚
867 387 959 430 quae
987 373 1104 422 videt
1135 375 1375 428 Christum,
1407 391 1500 436 quae
1518 375 1730 436 Sponsum

357 444 534 505 recipit,
561 459 653 502 quae
680 443 776 486 cibo
810 443 902 501 ejus
928 446 1174 503 pascitur2«
1195 448 1245 492 In
1277 449 1427 493 umbra
1455 448 1730 510 ejusgeoncu-

356 515 468 578 »pivi
484 548 495 565 ‚
519 523 562 557 et
583 515 670 556 sedi
699 529 708 556 ε
737 522 778 556 ct
803 514 966 558 fructus
987 516 1078 572 ejus
1099 519 1234 562 dulcis
1260 520 1304 565 iu
1333 519 1525 566 saucibus
1546 517 1689 580 meis&
1705 537 1722 562 υ

359 585 465 643 Quis
490 585 652 627 fructus
670 585 761 642 ejus
778 585 934 636 duleis,
954 587 1032 630 nisi
1053 588 1296 646 praedicatio
1317 589 1542 634 dominicae
1564 589 1733 648 *passio-

359 658 448 707 nis,
483 664 529 699 ut
550 655 637 715 ipse
662 656 718 698 ait
742 670 785 698 :a
805 656 919 699 Ecce
950 657 1175 703 haereditas
1209 661 1404 710 Domini,
1438 659 1535 710 filii,
1559 675 1733 707 ,merces
1799 677 1800 680 ¹

356 727 549 770 »fructus
572 724 755 768 ventris²
774 727 790 769 P
808 745 824 767 t>
841 727 946 780 Quis
970 729 1082 771 enim
1109 730 1275 774 dulcior
1290 731 1456 776 fructus
1477 738 1616 789 potest
1642 745 1735 776 osse

361 797 406 847 in
427 795 618 839 saucibus
641 795 794 839 nostris
809 829 821 847 ,
843 812 972 855 quam
1001 800 1195 843 remissio
1226 801 1536 860 peecatorum?
1552 801 1737 846 Etbcne

356 866 434 911 flos
464 875 526 910 est
559 867 745 910 Ecclesia
787 853 879 925 tiuae
912 868 1098 913 fructum
1137 872 1386 922 annuntiat,
1426 871 1631 932 hoctnsh
1655 869 1737 915 'do-

360 940 526 984 minum
546 939 693 982 Jesum
721 939 938 986 Christum
954 974 965 992 ,
986 942 1037 984 de
1053 958 1138 1003 quo
1160 943 1321 987 dictum
1347 951 1411 991 est
1429 939 1603 1002 Mariam
1621 960 1637 985 α
1657 943 1721 987 Be

359 1029 376 1052 ι
390 1010 560 1054 nedicta
579 1018 628 1054 tu
648 1010 758 1059 inter
778 1011 1002 1064 mulieres,
1026 1021 1069 1057 et
1095 1014 1355 1063 Benedictus
1381 1007 1565 1061 sructus’*
1583 1013 1746 1059 ventris

355 1098 373 1123 n
385 1081 448 1125 tui
458 1080 488 1124 ⁸.
503 1099 520 1123 n

413 1153 531 1198 XIII.
567 1153 679 1211 Ergo
700 1153 775 1197 ubi
794 1207 798 1213 .
817 1155 999 1213 gustavit
1019 1155 1208 1199 fructum
1233 1157 1470 1208 suavitatis,
1497 1156 1733 1217 ,impatiens

363 1226 418 1268 ad
431 1225 683 1284 perfectoria
707 1226 876 1269 festinat
902 1227 1069 1270 dicens:
1087 1246 1103 1269 α
1116 1229 1380 1278 Introducite
1401 1245 1471 1275 me
1486 1230 1532 1275 in
1551 1231 1729 1274 domum

363 1296 505 1348 nini,
539 1297 783 1341 constituite
804 1298 847 1340 in
878 1313 948 1341 me
977 1299 1276 1351 dilectionem,
1309 1299 1560 1349 confirmate
1591 1315 1662 1345 me
1685 1299 1729 1343 in

365 1369 810 1431 »unguentis,stipate
820 1385 888 1414 me
909 1370 952 1414 in
972 1371 1117 1422 malis;
1142 1373 1240 1431 quia
1257 1373 1479 1420 vulnerata
1503 1371 1746 1416 dilectionis

367 1457 385 1481 ι
399 1454 477 1498 ego
499 1455 607 1484 snm.
630 1440 752 1484 Laeva
768 1441 867 1499 ejus
890 1442 968 1484 sub
994 1443 1131 1501 capite
1148 1459 1244 1487 meo
1260 1477 1271 1494 ‚
1295 1452 1339 1491 et
1357 1445 1529 1491 dextera
1550 1443 1644 1502 ejus
1660 1458 1744 1487 am-

371 1510 646 1571 »plexabitur
672 1526 756 1554 me.
787 1511 992 1570 Adjuravi
1019 1528 1115 1564 vos,
1140 1513 1237 1557 filiae
1259 1514 1496 1562 Jerusalem
1512 1548 1523 1564 .
1545 1514 1590 1559 in
1614 1514 1744 1558 virtu-

367 1580 513 1625 »tibus
534 1590 577 1625 et
595 1581 918 1626 fortitudinibus
947 1584 1058 1642 agri,
1087 1585 1122 1628 si
1141 1586 1443 1630 suscitaveritis
1457 1619 1468 1635 ,
1493 1593 1537 1629 et
1558 1585 1743 1630 resusci-

369 1670 386 1693 »
400 1652 588 1696 taveritis
607 1653 879 1697 dilectionem
890 1687 901 1704 ‚
919 1670 1142 1712 usquequo
1164 1656 1344 1700 voluerit
1356 1655 1416 1703 ’,ιι
1429 1656 1580 1715 Merito
1595 1655 1745 1714 quaerit

371 1738 493 1774 eum,
518 1723 672 1766 merito
692 1723 904 1767 desiderat
917 1741 930 1774 ς
955 1725 1051 1782 quia
1076 1726 1185 1768 bene
1196 1727 1336 1769 omnia
1357 1726 1403 1773 iu
1422 1726 1505 1772 hoc
1531 1741 1661 1771 cursu
1686 1734 1746 1771 at-

375 1782 458 1853 {lue
478 1794 630 1837 itinere
661 1794 866 1854 disposuit
888 1795 1123 1853 Imperator
1145 1805 1299 1840 noster.
1334 1797 1527 1844 Primum
1548 1796 1742 1844 omnium

356 1864 475 1910 ⁴fidei
508 1864 787 1909 fundamento
810 1865 1132 1910 tabernaculum
1177 1868 1260 1911 hoc
1289 1867 1633 1914 confirmandum
1661 1883 1746 1928 pu·-

375 1936 489 1983 tavit.
518 1936 680 1979 Deinde
700 1936 733 1980 si
756 1951 839 1994 qua
861 1945 924 1979 est
955 1937 1077 1980 nobis
1104 1953 1250 1997 aspera
1279 1946 1406 1996 atque
1428 1939 1554 1982 arida.
1565 1947 1609 1982 et
1636 1947 1747 1998 proe-
1779 1946 1781 1948 '

377 2014 502 2066 rupta
537 2006 726 2057 mansio,
762 2007 999 2066 Imperator
1030 2016 1174 2052 tamen
1205 2009 1284 2053 iste
1320 2011 1491 2057 turbata
1517 2010 1744 2061 discernit,

383 2077 499 2123 arida
522 2077 691 2135 irrigat,
717 2070 896 2120 desertas
917 2077 1150 2123 soecundat.
1175 2079 1220 2123 Si
1246 2080 1349 2138 quid
1370 2081 1685 2132 amaritudinis,
1711 2081 1747 2143 si

380 2149 483 2207 quid
499 2147 741 2192 tentationis
756 2181 767 2198 ,
788 2149 822 2191 si
844 2148 947 2206 quid
977 2148 1233 2206 infirmitatis
1252 2159 1336 2202 est,
1364 2151 1517 2198 ductor
1538 2161 1681 2196 noster
1704 2160 1749 2196 et
1790 2170 1797 2176 ·

319 2236 325 2240 >
384 2232 525 2266 amara
547 2225 776 2276 temperat,
796 2225 839 2262 et
858 2218 1037 2263 sollicita
1053 2219 1243 2278 mitigat,
1266 2222 1375 2265 dura
1393 2221 1605 2273 dissolvit,
1625 2230 1668 2265 et
1681 2221 1749 2266 in,

383 2289 522 2333 valida
534 2287 773 2332 confirmat.

441 2358 557 2405 XIV.
599 2358 669 2402 Sic
705 2360 780 2402 uhi
805 2361 910 2407 >vult
950 2360 1218 2419 requiescere
1247 2377 1323 2405 rex
1353 2370 1476 2406 terrae
1514 2363 1749 2409 exercitum

385 2444 510 2472 suum
529 2461 541 2479 ,
564 2443 651 2471 non
671 2428 900 2488 ignobilem
921 2429 1088 2480 vicum,
1115 2446 1201 2474 non
1229 2431 1536 2478 commeatibus
1562 2423 1751 2492 indigen-

382 2509 470 2545 tem
487 2535 498 2552 ,
522 2516 609 2544 non
634 2516 810 2544 arenosa
833 2510 876 2544 et
895 2502 1008 2545 nuda
1030 2501 1318 2560 gignentium,
1343 2505 1415 2548 sed
1444 2504 1595 2547 urbem
1615 2503 1750 2549 aedifiv-

385 2571 460 2620 ciis
481 2570 694 2623 nobilem,
726 2571 948 2623 refertam,
972 2581 1015 2616 et
1036 2573 1214 2618 uberem
1236 2574 1456 2634 copiarum
1471 2607 1485 2626 ‚
1509 2583 1582 2620 aut
1600 2589 1750 2634 agrum

434 2667 448 2689 ²
464 2663 560 2699 Cant.
572 2676 613 2708 n,
627 2664 658 2700 5.
676 2683 718 2692 -
732 2673 746 2691 ⁸
767 2666 853 2705 Psal.
869 2677 978 2709 mavi,
991 2667 1023 2704 5.
1037 2685 1080 2694 —-
1094 2669 1109 2695 3
1125 2668 1206 2706 Luc.
1221 2680 1246 2710 ι,
1260 2668 1315 2709 4².
1332 2687 1375 2698 --
1391 2671 1407 2700 ό
1421 2668 1517 2704 cant.
1533 2679 1574 2711 n,
1587 2667 1662 2713 4-7.
