1800 3236
389 318 478 378 464
527 307 531 311 ’
934 332 967 367 s.
1006 330 1199 369 Amnem

384 431 544 477 quum,
568 413 743 462 tentaris
768 433 778 460 ε
803 416 921 462 vides
943 416 1033 463 sine
1054 418 1203 463 liberis
1223 423 1443 470 sanctum,
1462 409 1637 463 tentaris
1660 433 1671 463 t
1693 413 1751 464 vi⁴

383 491 457 534 des
477 488 643 539 liberis,
663 488 900 534 honoribus
915 521 928 539 ,
950 489 1149 534 laudibus
1169 489 1442 544 saecularibus
1460 482 1751 535 abundantem

383 561 590 621 injustum
605 594 616 611 ,
641 560 829 604 tentaris.
853 561 1033 614 Quantae
1053 561 1184 605 soveae
1199 595 1209 611 ,
1231 561 1377 620 quanti
1395 561 1562 621 laquei,
1579 569 1621 606 et
1635 562 1752 621 quod

382 640 445 677 'est
465 633 632 694 gravius
647 666 659 684 ,
674 631 746 691 qui
768 631 971 691 plurimos
990 623 1253 692 strangulent
1266 632 1286 675 P
1299 632 1345 675 In
1358 632 1632 677 sodomitana
1646 632 1752 677 urbe

381 705 450 749 vix
466 719 576 748 unus
598 705 679 749 Lot
694 704 765 762 qui
783 718 867 747 non
883 709 1121 748 tentaaetur
1141 705 1335 748 inventus
1351 712 1440 755 est,
1463 704 1588 763 cujus
1599 711 1752 749 *tamen

383 793 492 821 uxor
514 792 599 821 non
627 776 766 836 potuit
789 776 1031 820 tentationis
1055 777 1228 834 laqueos
1249 776 1442 820 evadere.
1473 776 1753 820 Hehraeorum

381 850 564 910 populus
581 847 715 891 maria
738 847 930 891 transivit
949 863 959 890 ε
983 848 1058 891 sed
1078 862 1165 890 non
1194 846 1335 906 potuit
1355 836 1616 890 tentamenta
1627 853 1753 890 >tran—

384 919 479 964 sire.
505 919 674 964 Tentati
695 927 794 962 sunt
815 933 967 962 omnes
988 926 1142 978 praeter
1161 917 1328 969 Jesum,
1346 925 1390 961 et
1406 917 1554 967 Caleb,
1571 918 1646 976 qui
1656 918 1753 963 ideo

384 991 438 1035 de
463 989 700 1034 senioribus
725 998 882 1033 terram
914 989 1252 1049 repromissionis
1271 988 1448 1032 introire
1473 997 1750 1040 meruerunt}

383 1061 480 1121 quia
517 1062 690 1105 fuerunt
719 1060 963 1105 tentationis
996 1068 1205 1121 expertes.
1246 1060 1332 1105 Nec
1369 1060 1512 1105 Aaron
1531 1060 1719 1104 introivit
1736 1093 1749 1112 ,

382 1148 462 1178 nec
482 1131 636 1182 Maria;
654 1131 750 1190 quia
773 1140 816 1175 et
832 1130 910 1190 ipsi
931 1131 1081 1174 tentati
1105 1139 1216 1174 sunt.
1245 1130 1332 1176 Nec
1347 1131 1513 1189 Moyses
1529 1129 1718 1174 introivit
1738 1147 1751 1181 3

382 1205 480 1264 quia
507 1206 593 1248 dux
612 1212 704 1247 erat
718 1203 866 1262 populi
887 1202 961 1261 qui
985 1203 1229 1247 tentabatur
1252 1219 1262 1245 z
1285 1211 1411 1262 typus
1425 1201 1548 1262 Legis
1570 1217 1663 1261 quae
1678 1217 1755 1246 ex·-

383 1277 556 1321 cludere
583 1282 843 1329 tentamenta
873 1289 960 1318 non
993 1282 1191 1333 poterat,
1216 1289 1302 1317 non
1326 1281 1495 1332 poterat
1525 1273 1568 1317 in
1596 1279 1754 1318 terram

384 1347 705 1392 resurrectionis
733 1346 960 1397 inducere,
987 1346 1084 1405 quia
1113 1346 1191 1389 ista
1217 1346 1445 1406 Evangelio
1466 1345 1600 1406 gratia
1623 1346 1755 1390 debe-

381 1420 520 1463 batur.
536 1417 785 1476 Lex‘pacem
797 1432 880 1460 non
893 1417 1144 1476 potuitldare
1156 1434 1167 1468 ;
1183 1417 1278 1461 ideo
1289 1417 1474 1476 Moyses,
1485 1420 1627 1476 quoad
1635 1418 1752 1468 vixit.

382 1506 550 1550 semper
577 1489 790 1549 praeliatus
816 1497 879 1532 est
905 1505 915 1531 ε
947 1505 1114 1547 semper
1143 1488 1265 1548 Legis
1299 1491 1481 1549 populus
1509 1489 1555 1533 in
1581 1490 1754 1550 ancipiti

384 1562 594 1607 bellorum
619 1569 684 1604 est
705 1576 715 1603 ε
736 1559 860 1604 Jesus
889 1568 1030 1604 autem
1048 1557 1168 1604 Nave
1197 1560 1334 1619 plebis
1356 1560 1519 1605 animos
1545 1561 1754 1625 profunda

383 1650 489 1696 pace
515 1631 780 1691 composuit3
817 1631 1018 1690 quoniam
1043 1631 1116 1690 qui
1139 1632 1218 1674 sub
1243 1631 1357 1691 Lege
1376 1641 1462 1684 est,
1488 1633 1670 1692 agitatur
1688 1633 1755 1677 in—

382 1706 509 1750 certis
535 1719 545 1748 :
570 1703 642 1763 qui
673 1703 750 1747 sub
783 1703 1033 1762 Evangelio,
1058 1704 1175 1747 audit
1206 1703 1419 1747 dicentem
1447 1719 1491 1747 τι
1514 1703 1756 1748 Pacemre-

381 1775 557 1834 »linquo
583 1774 708 1818 -vobis
741 1788 751 1817 ε
780 1788 931 1832 pacem
959 1789 1098 1817 meam
1122 1775 1176 1818 do
1205 1775 1324 1819 vobis
1347 1773 1378 1819 ¹.
1412 1775 1632 1834 »Ideoque
1656 1773 1756 1820 dili-

382 1846 580 1906 gentibus
601 1858 691 1889 nen
714 1852 779 1887 est
801 1845 1063 1888 scandalum.
1466 1863 1469 1865 ·

442 1915 566 1961 XXI.
602 1914 762 1974 Accipe
784 1915 903 1959 aliter
924 1930 934 1958 z
965 1915 1080 1959 Crux
1102 1916 1273 1960 Domini
1293 1916 1453 1961 Judaeis
1473 1918 1721 1963 scandalum
1739 1950 1752 1970 ,

385 1987 543 2032 Graecis
564 1985 741 2030 stultitia
760 1993 835 2030 est.
866 1986 1124 2030 Scandalum
1146 1996 1209 2031 est
1230 1986 1422 2047 perfido,
1442 1988 1541 2048 quia
1562 1988 1666 2033 dicit
1679 1988 1754 2033 Ju-

386 2058 529 2101 daeus:
553 2057 665 2116 Ergo
693 2056 764 2100 hic
788 2057 903 2100 Deus
924 2066 1013 2108 est,
1039 2057 1111 2116 qui
1143 2058 1273 2102 homo
1297 2058 1410 2102 visus
1430 2059 1524 2103 est?
1548 2059 1619 2104 hic
1639 2059 1754 2104 Deus

384 2137 464 2180 est,
482 2128 554 2187 qui
566 2126 773 2186 jejunavit
787 2127 885 2171 Phio
899 2127 1013 2172 Deus
1023 2137 1105 2180 est,
1123 2129 1195 2187 qui
1211 2130 1423 2188 v‘apulavit
1436 2130 1454 2173 Ρ
1466 2129 1537 2174 hic
1548 2130 1663 2174 Deus
1671 2139 1750 2181 est,

385 2200 458 2259 qui
480 2197 706 2244 crucifixus
725 2197 816 2241 est?
832 2198 902 2241 hic
924 2198 1037 2242 Deus
1058 2208 1137 2251 est,
1162 2201 1234 2259 qui
1257 2202 1310 2244 de
1326 2215 1454 2244 cruce
1477 2201 1751 2252 descendere,

384 2279 428 2316 et
448 2286 492 2315 se
518 2270 699 2316 liberare
719 2284 804 2312 non
829 2270 1000 2329 potuit?
1023 2271 1216 2329 Denique
1236 2272 1319 2315 hoc
1339 2272 1540 2316 dicebant
1560 2279 1753 2332 tempore

385 2340 609 2387 dominicae
631 2339 834 2399 passionis
859 2355 901 2383 τα
930 2341 1171 2385 Descendat
1192 2343 1244 2385 de
1272 2358 1401 2387 cruce
1420 2375 1432 2394 ,
1463 2351 1507 2387 et
1537 2343 1752 2400 credimus
1784 2344 1787 2345 ⁷

384 2413 467 2456 nei.
502 2410 688 2455 Confidit
705 2410 748 2453 in
771 2412 875 2461 Deo,
895 2411 1047 2455 liberet
1067 2428 1182 2456 nunc
1205 2429 1321 2463 eum,
1342 2414 1376 2457 si
1398 2415 1488 2457 vult
1510 2413 1541 2457 ².
1564 2414 1687 2458 »Non
1709 2421 1752 2458 te

385 2485 461 2529 ista
474 2490 669 2532 tentent,
689 2497 773 2524 non
794 2489 836 2524 te
859 2481 936 2525 ista
957 2483 1238 2541 perturbent,
1254 2500 1340 2527 non
1360 2484 1402 2528 in
1421 2483 1611 2528 animum
1628 2492 1751 2528 tuum

381 2553 626 2614 hujusmodi
649 2567 692 2595 se
708 2551 900 2611 ingerant
915 2552 1204 2611 cogitationes.
1228 2553 1308 2597 Ubi
1324 2563 1481 2613 pax,et
1498 2556 1746 2614 multapax:

382 2627 442 2672 ibi
478 2641 583 2670 crux
604 2623 761 2668 Christi
791 2639 878 2668 non
911 2625 1166 2684 opprobrio,
1201 2627 1277 2671 sed
1304 2625 1429 2672 saluti
1450 2635 1527 2672 est.
1555 2627 1649 2674 Non
1670 2627 1750 2672 suit

431 2727 439 2744 ι
462 2717 559 2751 Joan.
578 2726 645 2758 xiv,
664 2725 716 2760 ²7·
734 2733 774 2741 —
790 2723 802 2740 ⁸
824 2715 946 2751 Mauh.
961 2727 1065 2758 xxm,
1088 2716 1143 2759 4¹,
1162 2718 1214 2758 43.
