1800 3236
369 299 392 345 3
403 316 418 344 1
428 300 455 353 4
909 320 942 350 s.
980 321 1173 353 Aunnosn

368 413 386 438 ³»
399 398 496 441 ham
511 409 596 448 ens,
610 406 652 442 et
663 400 826 457 peccati
837 409 880 444 et
891 401 1104 461 injustitiae
1116 418 1263 447 eorum
1279 419 1362 449 non
1376 404 1684 452 memorabor¹.
1699 422 1718 450 π

368 467 407 511 O
426 483 523 512 vere
543 477 719 513 testator
740 479 943 523 aeternus,
967 475 1040 532 qui
1061 475 1215 518 nostris
1237 476 1438 520 cordibus
1458 478 1572 536 leges
1602 478 1732 538 affigit

367 553 486 589 suas,
519 547 562 582 et
591 541 739 585 scribit
766 541 810 584 in
831 544 1044 595 sensibus3
1071 554 1116 588 ut
1146 546 1252 589 nihil
1275 547 1389 589 aliud
1418 547 1627 606 cogitare,
1652 547 1732 591 nisi
1780 595 1783 598 ,

367 610 506 652 divina
536 619 746 670 praecepta
776 614 1007 671 possimus,
1041 616 1145 659 nihil
1183 617 1295 660 aliud
1319 618 1474 660 sentire
1498 651 1509 668 ,
1546 618 1625 662 nisi
1655 619 1733 662 Dei

367 683 537 724 oracula
555 683 799 742 debeamus.
821 685 945 728 Dedit
962 687 1139 744 gratiam
1153 720 1163 737 ,
1183 683 1427 732 reformavit
1444 696 1636 732 naturam
1653 722 1664 739 ,
1683 687 1737 733 si-

368 751 496 808 bique
515 752 586 809 qui
608 753 799 797 oblivisci
821 756 929 799 nihil
943 759 1063 808 solet,
1083 759 1333 801 memoriam
1355 768 1549 802 meorum
1564 760 1738 804 abstulit

369 831 666 880 peccatorum,
691 825 799 869 mihi
819 828 937 871 dedit
952 837 1278 887 praeceptorum
1288 844 1476 874 suorum.

427 893 577 938 XLIII.
616 896 712 939 Noli
738 913 837 956 ergo
859 900 1008 942 tollere
1030 901 1083 942 de
1106 900 1234 943 corde
1253 909 1325 943 tuo
1348 902 1482 959 legem
1502 900 1605 951 Dei,
1623 909 1667 945 et
1681 901 1740 945 af-

371 963 421 1006 fiu
402 981 500 1022 gere
519 967 657 1025 legem
678 970 856 1026 peccati.
887 970 981 1013 Noli
998 971 1221 1014 scribere
1210 987 1253 1014 in
1256 973 1461 1015 sensibus
1478 972 1563 1015 tuis
1582 971 1739 1016 diaboli

372 1035 614 1088 illecebras,
629 1047 671 1081 et
685 1039 763 1082 Dei
776 1041 918 1083 delere
937 1043 1148 1085 mandata.
1168 1060 1184 1082 (ι
1203 1043 1314 1086 Ecce
1327 1052 1428 1101 ego,
1446 1043 1607 1101 inquit,
1623 1043 1740 1102 pinxi

370 1124 543 1152 »muros
562 1119 680 1159 tuos,
709 1112 812 1154 dicit
833 1113 1040 1156 Dominus
1061 1115 1115 1157 ad
1143 1114 1438 1164 Jerusalem²;
1463 1115 1546 1158 hoe
1570 1123 1656 1165 est,
1688 1115 1742 1158 ad

375 1179 556 1222 animam
582 1182 812 1225 studiosam
840 1185 1154 1242 tranquillitatis
1176 1179 1220 1227 et
1242 1186 1380 1244 pacis,
1407 1201 1536 1244 quam
1566 1186 1743 1230 fecitlad

373 1248 597 1307 imaginem
627 1267 760 1296 suam.
790 1253 908 1302 Noli,
937 1254 1132 1312 inquam,
1157 1256 1324 1298 auferre
1344 1257 1573 1315 imaginem
1596 1257 1744 1300 eceles-

375 1326 486 1369 tem,
514 1329 556 1363 et
583 1321 808 1379 imaginem
832 1313 984 1367 mortis
1007 1326 1238 1384 imponere.
1276 1327 1495 1370 Recusasti
1521 1327 1745 1370 haeredita-

376 1396 462 1431 tem
504 1391 645 1434 saeculi
679 1407 688 1433 z
715 1408 832 1436 serva
863 1393 1018 1438 Christi
1051 1397 1316 1447 testimonia3
1361 1398 1561 1456 quoniam
1599 1398 1642 1440 in
1679 1397 1745 1440 his

380 1462 580 1503 exultatio
608 1471 735 1520 atque
764 1464 907 1507 laetitia
936 1474 1027 1514 est,
1060 1468 1406 1525 quandoquidem
1443 1468 1581 1511 omnis
1619 1466 1746 1510 fletus

379 1531 590 1574 dolebitur
603 1565 614 1583 ‚
641 1542 684 1576 et
700 1549 813 1577 mors
830 1551 915 1579 non
934 1537 1014 1579 erit
1036 1538 1216 1595 amplius
1232 1571 1242 1587 ,
1261 1553 1401 1596 neque
1421 1539 1563 1581 luctus
1575 1560 1587 1588 3
1608 1544 1748 1596 neque

379 1600 504 1644 ssotus
519 1635 530 1651 ‚
553 1618 692 1661 neque
714 1595 888 1648 clamor.
913 1602 1054 1649 Pa'ssio
1080 1607 1237 1650 Christi
1259 1608 1397 1667 imago
1418 1607 1498 1652 suit
1518 1608 1637 1667 regni
1659 1623 1742 1651 coe·

380 1672 507 1715 lestis.
535 1674 669 1717 Nemo
685 1676 896 1719 audiv-itin
914 1678 1062 1735 plateis
1079 1694 1227 1721 vocem
1246 1679 1362 1736 ejus3
1386 1680 1482 1737 quia
1500 1679 1572 1722 illo
1584 1678 1748 1737 silentio

381 1743 586 1800 passionis
608 1761 692 1788 suae
715 1748 943 1790 clamorem
961 1764 1131 1792 omnem
1161 1750 1202 1792 in
1228 1759 1445 1808 posterum
1469 1751 1609 1810 impiae
1635 1751 1750 1794 vocis

386 1814 594 1859 abolebat.
624 1817 802 1861 Nolebat
823 1817 915 1861 sseri
931 1852 942 1868 ,
972 1820 1047 1877 qui
1066 1820 1234 1863 dicebat
1249 1822 1303 1865 ad
1326 1820 1432 1871 filias
1454 1821 1717 1869 Hierusalem
1736 1837 1747 1864 :

399 1905 414 1924 «
433 1887 464 1928 F
469 1886 548 1929 iliae
567 1887 821 1939 Jerusalem,
845 1891 974 1933 nolite
995 1906 1064 1934 me
1079 1891 1183 1934 flere
1199 1923 1210 1941 ,
1233 1893 1310 1935 sed
1332 1907 1405 1935 vos
1428 1892 1539 1950 ipsas
1559 1891 1698 1936 ssete³.
1725 1911 1742 1934 ι

387 1956 615 2002 Ablaturus
637 1960 748 2004 enim
778 1977 924 2004 omnes
946 1964 1156 2020 lacrymas
1178 1979 1262 2006 suae
1283 1963 1493 2021 beneficio
1515 1965 1654 2007 crucis
1671 1997 1682 2014 ,
1709 1965 1754 2007 in

387 2029 580 2085 passione
603 2032 770 2090 propria
794 2032 947 2076 futurae
976 2034 1108 2077 instar
1132 2035 1406 2078 beatitudinis
1427 2035 1679 2086 eithibebat3
1707 2043 1755 2078 ut

388 2115 514 2142 nemo
536 2101 679 2151 fleret,
704 2103 783 2145 nisi
804 2105 875 2161 qui
900 2105 1057 2147 Christi
1075 2105 1282 2149 beneficia
1305 2122 1390 2149 non
1408 2115 1584 2150 teneret.

449 2170 596 2215 XLIV.
635 2173 783 2216 Merito
806 2190 906 2232 ergo
928 2175 991 2217 vir
1012 2175 1288 2234 Evangelicus
1306 2177 1409 2220 dicit
1434 2194 1478 2220 :a
1503 2178 1756 2222 Haereditate

393 2242 591 2298 »quaesivi
624 2244 863 2287 testimonia
897 2254 970 2288 tua
1001 2246 1044 2288 in
1069 2255 1301 2297 aeternum3
1326 2248 1529 2305 quoniam
1555 2248 1756 2292 exultatio

394 2312 562 2355 »cordis
583 2314 666 2356 mei
690 2323 800 2358 sunt.
831 2316 966 2370 »Quis
995 2332 1080 2358 non
1105 2318 1291 2366 exultet,
1315 2318 1386 2375 qui
1417 2320 1577 2371 coel'um
1598 2327 1640 2368 et
1671 2324 1748 2361 ter-

395 2399 485 2427 ram
508 2385 754 2428 haereditate
778 2387 990 2443 quaesivit,
1021 2386 1140 2444 (quae
1163 2389 1247 2430 duo
1268 2391 1475 2431 elementa
1499 2397 1758 2433 contestatus

395 2464 458 2496 est
486 2455 612 2497 etiam
639 2456 773 2506 Deus,
799 2471 897 2499 cum
918 2459 1052 2516 legem
1078 2460 1241 2517 daret,)
1264 2460 1361 2516 quia
1383 2460 1572 2517 quaesivit
1593 2461 1756 2512 Deum,

395 2526 447 2567 de
468 2540 553 2583 quo
585 2526 687 2569 dicit
712 2527 892 2571 Sanctus
917 2544 961 2571 z«
987 2529 1129 2572 Portio
1151 2542 1245 2572 mea
1267 2531 1506 2574 Dominus:
1533 2551 1549 2571 n
1570 2532 1761 2590 qnaesivit

393 2595 624 2640 Dominum
643 2597 789 2642 Jesum
803 2632 815 2649 ,
835 2599 1024 2657 quaesivit
1043 2600 1248 2658 Spiritum
1270 2604 1490 2653 sanctum3
1515 2611 1671 2662 etpost
1687 2604 1761 2648 illa

442 2695 450 2709 ¹
472 2685 577 2721 Hebr.
593 2698 627 2726 x,
643 2689 753 2734 15-17.
766 2705 808 2713 -
826 2700 839 2715 ²
854 2691 933 2730 lsai.
951 2702 1040 2733 xux,
1060 2692 1111 2725 16.
1127 2710 1167 2719 -
1186 2693 1201 2718 3
1215 2692 1297 2726 Luc·
1312 2703 1406 2731 xxiii,
1426 2694 1479 2729 28.
