1800 3236
397 310 484 367 460
947 323 980 355 s.
1020 323 1211 358 insensu

390 416 484 454 tum
500 413 578 450 est.
602 401 648 449 si
669 402 785 449 illam
802 403 1066 457 Hierusalem
1084 411 1264 463 spectes,
1283 416 1376 461 quae
1394 401 1439 446 iu
1454 403 1564 446 coelo
1582 410 1662 454 est,
1676 415 1761 446 non

391 479 634 536 istamquae
663 491 689 519 a
709 475 870 535 Populo
889 474 1138 517 Judaeorum
1165 473 1515 532 frequentabatur
1544 473 1587 517 in
1606 472 1760 527 terris}

389 565 487 610 quae
529 556 704 608 propter
744 547 982 593 incolarum
1023 545 1249 606 perfidiam
1293 561 1315 589 a
1357 561 1533 590 remano
1573 544 1764 590 exercitu

394 622 680 681 triumphata,
698 617 1062 679 injectossagravit
1075 618 1287 664 incendio.
1306 617 1350 662 Si
1366 616 1568 675 intuearis
1586 618 1630 662 in
1644 616 1764 661 illum

394 693 634 754 principem
660 691 956 740 sacerdotum.
982 692 1036 734 de
1057 689 1142 749 quo
1162 690 1479 749 scriptumest:
1506 707 1524 729 c
1549 688 1764 733 Habentes

394 766 566 824 »itaque
599 779 802 823 magnum
825 764 1092 807 sacerdotem
1121 777 1338 821 egressum
1368 760 1422 806 de
1449 761 1592 813 eoelie,
1613 759 1764 805 Jesum

395 836 582 881 »Filium
601 835 697 886 Dei,
718 842 944 879 teneamus·
954 833 1264 878 confessionem
1280 832 1451 878 fidelem
1467 832 1480 856 ¹
1499 848 1510 876 :
1531 830 1635 892 »qui
1655 846 1766 891 quo·

394 907 499 952 tidie
522 908 753 951 advocatus
772 920 851 965 pro
870 904 994 949 nobis
1014 913 1078 949 est
1100 906 1213 964 apud
1232 905 1427 955 Patrem3
1449 911 1497 948 ut
1515 904 1766 965 proquibus

394 978 436 1022 iu
465 978 616 1021 diebus
645 977 783 1021 carnis
811 992 897 1020 suae
929 975 1194 1019 misericordi
1223 983 1288 1019 est
1314 973 1559 1035 compassus
1585 971 1763 1025 affeetu,

396 1064 474 1129 pro
496 1048 562 1092 his
583 1056 786 1108 operetur
807 1047 1099 1092 remissionem
1132 1046 1323 1127 quotidie
1344 1055 1634 1105 peecatorum
1657 1045 1766 1100 Qum

390 1120 506 1163 enim
527 1135 623 1179 spes
643 1119 722 1163 alia
740 1118 886 1178 generi
902 1118 1109 1169 humano,
1130 1117 1214 1161 nisi
1230 1117 1423 1161 omnium
1442 1117 1686 1161 viventium
1696 1115 1768 1159 de

391 1190 492 1235 licta
524 1190 766 1234 donentur?
791 1191 866 1234 Ille
887 1205 989 1249 ergo
1012 1190 1212 1249 princeps
1244 1189 1358 1232 solus
1380 1196 1447 1232 est
1464 1171 1764 1237 sacerdotum,

394 1260 465 1305 cui
500 1269 636 1304 astant
667 1260 724 1319 pii
751 1262 1016 1310 sacerdotes,
1053 1260 1096 1303 in
1127 1259 1365 1303 coelestium
1394 1258 1626 1303 sacrarium
1641 1258 1767 1302 illud

388 1331 639 1375 altissimum
671 1331 824 1375 merito
856 1331 1016 1390 proprii
1044 1330 1208 1374 cruoris
1233 1327 1430 1388 ingressi.
1460 1329 1536 1389 Illa
1569 1342 1672 1388 ergo
1699 1329 1768 1372 lex

396 1402 632 1462 diligenda,
657 1404 698 1446 in
728 1418 811 1462 qua
832 1418 956 1446 verus
976 1402 1180 1446 Hebraeus
1207 1401 1316 1446 liber
1339 1401 1392 1444 ab
1417 1400 1535 1444 omni
1566 1399 1768 1444 servitute

395 1472 695 1524 vitiorumest,
722 1474 766 1517 iu
788 1489 871 1532 qua
898 1488 1102 1532 magnum
1125 1472 1351 1516 sabbatum
1365 1504 1378 1523 ,
1401 1480 1448 1515 et
1470 1469 1676 1520 inoffense
1696 1485 1768 1515 re·-

393 1545 512 1604 quies
537 1545 864 1596 defunctorum,
889 1545 933 1588 in
959 1560 1041 1603 qua
1063 1545 1222 1589 mortui
1246 1543 1392 1604 populi
1416 1557 1563 1587 semen
1584 1542 1767 1587 resusci-

395 1623 508 1661 tat-ur
526 1631 614 1658 non
636 1616 961 1666 commixtione,
980 1617 1055 1659 sed
1071 1616 1365 1676 redemptione
1386 1614 1584 1658 fraterna.
1609 1612 1768 1658 secun,

395 1689 497 1731 dum
520 1687 631 1731 hanc
647 1703 749 1746 ergo
771 1689 909 1746 legem
930 1686 1175 1731 odio'habet
1193 1695 1364 1730 sanctus
1390 1685 1660 1744 injustitiam,
1681 1699 1768 1728 non

395 1757 602 1815 injustum
622 1758 696 1816 qui
717 1766 859 1816 potest
885 1773 996 1817 saepe
1023 1758 1213 1801 converti
1234 1772 1245 1800 ε
1271 1771 1351 1800 nee
1375 1765 1646 1800 mortuorum
1664 1755 1768 1799 reli—

395 1828 533 1887 quias,
554 1830 628 1871 sed
651 1836 864 1871 mortuam
887 1828 1155 1885 iniquitatem
1176 1836 1421 1878 execratur,
1444 1836 1489 1871 et
1508 1825 1674 1885 refugit.
1730 1853 1734 1855 >
1759 1854 1762 1859 -

457 1897 552 1942 XV.
589 1889 792 1955 Sequitur
817 1914 959 1941 versus
981 1907 1187 1956 quartus:
1212 1915 1229 1939 α
1254 1897 1418 1957 Septies
1441 1897 1487 1940 in
1506 1896 1574 1940 die
1597 1897 1770 1940 laudem

397 1985 415 2008 ι
429 1967 514 2010 dixi
532 1966 624 2016 tibi,
647 1983 775 2026 super
790 1968 949 2026 judicia
960 1968 1131 2026 justitiae
1153 1977 1235 2012 tuae
1250 1967 1282 2012 ¹.
1301 1987 1317 2008 υ
1331 1969 1384 2012 Et
1399 1982 1580 2012 numero
1596 1967 1771 2026 quidem

398 2038 587 2081 studium
618 2047 773 2082 sanctae
805 2039 1040 2083 devotionis
1068 2039 1354 2098 exprimitur:
1391 2039 1467 2082 sed
1500 2047 1606 2097 puto
1637 2036 1771 2096 magis

400 2111 515 2168 quod
537 2126 686 2169 purus,
710 2119 752 2154 et
773 2112 957 2169 quietus,
983 2127 1031 2156 ac
1053 2127 1210 2155 vacuus
1227 2113 1279 2155 ab
1303 2110 1420 2155 omni
1441 2125 1572 2154 onere
1590 2108 1775 2153 delicto-

401 2195 497 2226 rum
520 2171 760 2225 declaretur
782 2181 983 2233 affectus;
1012 2191 1061 2226 ut
1084 2183 1174 2226 sine
1206 2184 1294 2227 ullo
1324 2182 1540 2226 iraeundae
1561 2181 1773 2240 impreca-

400 2251 542 2302 tionis,
569 2261 640 2295 aut
660 2252 876 2311 flagitiosae
899 2253 1140 2313 cupiditatis
1158 2254 1355 2298 incendio
1374 2253 1590 2297 deferatur
1611 2251 1768 2302 oratius

400 2321 509 2367 nihil
529 2324 647 2381 quod
668 2323 737 2366 alii
771 2333 925 2368 noceat
956 2326 1217 2383 postulemus
1238 2342 1250 2375 ;
1285 2325 1391 2368 nihil
1412 2325 1528 2383 quod
1545 2338 1626 2380 nos
1645 2337 1775 2366 saecu-

402 2394 563 2438 laribus
594 2395 870 2452 petitionibus
901 2397 1130 2440 decoloret.
1167 2395 1407 2440 Laudemus
1441 2395 1486 2438 in
1513 2393 1693 2452 Hymuis
1729 2400 1775 2436 et

403 2465 590 2509 Canticis
606 2499 617 2516 ‚
641 2481 739 2509 vera
761 2482 928 2525 semper
947 2475 991 2510 et
1014 2467 1125 2525 justa
1148 2482 1196 2509 ea
1223 2482 1315 2525 quae
1337 2467 1390 2509 de
1412 2464 1561 2509 divinis
1582 2463 1773 2507 canimus

402 2535 634 2585 laudibus,
649 2535 914 2580 confitentes.
943 2537 1038 2581 Non
1058 2537 1111 2580 sit
1142 2552 1296 2596 anceps
1316 2545 1359 2580 et
1383 2536 1512 2579 dubia
1537 2533 1770 2578 sententia:

406 2620 493 2650 non
531 2605 715 2650 discolor
742 2607 898 2650 mentis
928 2606 1133 2656 intenti0,
1162 2622 1249 2651 non
1282 2605 1570 2652 materialibus
1595 2602 1774 2666 negotiis

452 2707 462 2726 ι
486 2697 594 2737 flebr.
614 2709 658 2740 iv,
681 2699 790 2743 u.—
805 2709 820 2728 ο
836 2699 923 2737 Psal.
938 2709 1056 2744 exuli,
1082 2698 1155 2734 «65.
