1800 3236
341 325 344 328 ‚
395 289 615 320 exrosmo
644 283 688 321 ns
717 288 906 321 »snum«
938 290 1082 320 can.
1368 281 1418 321 13

0 411 9 419 „
59 377 101 413 te
114 365 255 429 ipsum
268 367 448 427 lupanar
466 383 559 412 esse
577 367 747 412 fecisti?
763 367 956 427 Denique
975 369 1064 429 ipse
1084 367 1191 411 dicit
1215 367 1423 412 Dominus

0 429 2 446 ⁷
58 434 183 484 lesus
199 453 212 482 t
227 455 245 479 ι
267 437 354 491 Qui
376 437 528 481 viderit
552 439 778 484 mulierem
802 440 855 482 ad
881 438 1274 498 concupiscendum
1298 454 1392 482 eam
1412 472 1424 488 ,

60 509 178 568 »jam
209 510 463 555 adulteravit
484 526 580 554 eam
605 510 648 554 in
678 512 809 554 corde
829 526 907 554 suo
932 510 965 554 ¹.
1000 529 1018 551 ι
1032 511 1154 554 Unde
1177 519 1319 554 tamen
1341 519 1428 555 tam

60 579 280 638 religiosus
294 580 339 624 in
358 579 559 640 opinione
571 613 584 630 ,
607 579 680 638 qui
700 589 787 624 tam
809 580 1043 638 probrosus
1063 579 1108 623 in
1123 580 1334 624 crimine?

119 650 239 695 Xlll.
272 650 594 709 Sedacquiesco
610 651 687 694 tibi
706 652 824 708 quod
840 650 965 694 Jesus
985 658 1027 694 te
1045 651 1151 693 nolit
1174 651 1330 701 videre,
1354 668 1429 696 no·

62 721 113 778 lit
131 720 376 771 revincere,
396 721 471 779 qui
496 721 605 764 nolit
626 735 857 764 accusare:
878 721 1016 764 nolint
1035 721 1179 764 videre
1197 729 1242 764 et
1260 722 1424 781 Angeli.

62 790 281 872 Sedvidet
309 792 527 841 diabolus,
557 792 629 849 qui
658 800 801 855 tecum
828 791 1038 841 introivit,
1067 791 1154 834 imo
1182 792 1256 849 qui
1290 801 1334 836 te
1363 794 1431 836 in-

36 902 38 904 .
66 840 294 914 trudunt?³
322 861 469 905 vident
500 861 682 905 ministri
703 858 829 919 ejus,
860 861 934 918 qui
962 869 1004 904 te
1028 861 1429 913 circumdederunt,

3 936 5 938 ’
66 946 135 976 ne
140 907 305 976 videres
322 932 508 991 Angelos
523 933 632 976 Dei:
654 933 759 976 vidit
784 933 945 982 Belial,
968 933 1074 976 vidit
1092 934 1202 991 legio
1224 942 1267 976 te
1291 933 1434 992 impu-

66 1003 212 1047 lerunt
230 1018 286 1046 ne
314 1003 409 1060 quis
438 1012 688 1052 revocaret,
720 1018 775 1046 ne
808 1003 903 1060 quis
941 1011 1117 1046 teneret.
1147 1003 1244 1047 Noli
1281 1012 1434 1062 putare

0 1113 3 1116 .
68 1074 186 1132 quod
205 1074 440 1117 colludium
470 1073 534 1130 (6)
561 1074 650 1116 tibi·
668 1081 839 1132 praestet
870 1072 1047 1118 silentii.
1071 1073 1143 1130 qui
1168 1074 1259 1116 vult
1294 1081 1437 1117 tecum

70 1143 267 1202 supplicii
290 1143 450 1193 hahere
472 1144 748 1186 consortium.
764 1143 927 1190 Studet
944 1144 1088 1201 plures
1111 1143 1268 1187 similes
1288 1145 1354 1187 sui
1374 1145 1439 1187 vi-

73 1212 199 1262 dereg
216 1221 260 1256 et
277 1213 322 1256 in
347 1228 399 1257 eo
420 1213 552 1269 habet
574 1213 752 1272 gloriam
765 1245 778 1263 ,
810 1214 926 1270 quod
948 1215 1091 1272 plures
1112 1214 1301 1272 perditos
1323 1215 1440 1258 sece-

72 1282 142 1326 rit.
168 1282 263 1341 Ipse
295 1291 361 1326 est
390 1283 600 1334 incentor,
629 1284 719 1342 ipse
741 1291 977 1333 accusator,
997 1283 1088 1342 ipse
1118 1283 1162 1326 iu
1190 1283 1347 1327 Judam
1372 1285 1441 1328 iu-

76 1353 246 1405 tro'ivit,
268 1354 360 1414 ipse
387 1370 488 1398 eum
518 1356 573 1398 ad
604 1355 890 1414 proditionem
913 1355 1106 1413 impulit,
1135 1355 1225 1413 ipse
1249 1355 1365 1400 misit
1387 1358 1441 1400 ad

75 1425 289 1482 laqueum.
316 1425 477 1478 Quanti
505 1426 661 1469 dicturi
687 1434 787 1470 sunt
818 1425 863 1470 in
888 1425 961 1469 illo
994 1425 1062 1469 die
1083 1426 1284 1469 adversus
1305 1441 1405 1469 eum
1419 1442 1441 1475 ,ε

0 1552 3 1555 Ι
77 1494 154 1539 'l'uv
176 1510 255 1539 nos
279 1495 619 1546 circumvenisti,
648 1504 696 1540 tu
723 1495 943 1554 impulisti.
973 1496 1227 1554 Exemplum
1261 1497 1445 1554 quaeris?

7 1570 9 1572 ’
79 1564 243 1623 Accipe
282 1566 494 1609 dicentem
529 1567 661 1609 Evam
699 1559 1062 1624 praevaricationis
1093 1581 1179 1609 suae
1226 1576 1445 1610 auctorem

0 1666 3 1669 »
26 1678 30 1683 ,
79 1634 212 1679 fuisse
229 1644 473 1694 serpentem
490 1635 525 1679 ².
549 1636 636 1679 Sed
658 1636 779 1678 illum
801 1635 1054 1693 implicavit,
1075 1650 1162 1678 nou
1183 1651 1228 1678 se
1250 1636 1441 1680 absolvit.

70 1705 168 1749 *cui
181 1707 401 1765 respondit
414 1707 621 1761 Dominus
638 1722 649 1749 ε
669 1706 764 1751 Non
784 1721 1071 1765 praeceperam
1085 1721 1140 1749 ne
1155 1707 1378 1765 gustaretis
1396 1707 1449 1750 de

65 1777 201 1836 *ligno
220 1779 357 1837 solo„
376 1776 581 1836 quodest
613 1778 658 1836 in
688 1778 841 1824 medio-
856 1777 1038 1836 paradisi
1055 1775 1073 1829 >⁸
1089 1776 1450 1837 i'JRespondebit

86 1863 189 1907 ergo
216 1849 369 1893 veritas
397 1858 443 1893 et
474 1849 671 1908 pluribus
696 1864 707 1892 ε
733 1848 962 1892 Diabolum
996 1839 1177 1891 audistis
1200 1842 1450 1894 suadentem
1484 1838 1494 1843 “

87 1919 231 1972 noxia,
251 1935 324 1965 me
337 1934 426 1963 non
440 1919 635 1978 potuistis
657 1918 804 1963 audire
821 1918 962 1970 vitalia
977 1919 1266 1962 mandantem.

121 2007 126 2013 ‘
154 1988 271 2035 XIV.
306 1990 362 2034 Et
398 1991 497 2034 ideo
528 2004 755 2049 operemur
792 1987 975 2046 justitias
1001 2004 1014 2036 ;
1046 2005 1063 2027 ι
1097 1987 1191 2032 Non
1224 1988 1339 2032 enim
1378 1990 1452 2047 qui

93 2069 353 2120 »operantur
377 2060 667 2119 iniquitatem,
708 2059 752 2102 in
786 2058 863 2102 viis
893 2058 987 2116 ejus
1025 2058 1358 2102 ambulaverunt.
1388 2061 1454 2103 Tu

72 2133 334 2182 ‚amandasti
363 2133 561 2175 mandata
579 2140 653 2175 tua
678 2129 883 2173 custodiri
906 2128 1047 2172 nimis.
1078 2129 1249 2175 Utinam
1274 2130 1455 2188 dirigan-

97 2214 198 2248 »ωι-
216 2203 293 2248 viae
314 2218 420 2246 meae
445 2203 500 2247 ad
522 2192 820 2246 custodiendas
840 2198 1160 2257 justificationes
1188 2209 1293 2243 tuas.
1334 2201 1455 2244 Tunc

99 2290 214 2318 »non
248 2273 518 2324 confundar,
555 2288 655 2319 cum
691 2271 946 2331 perspiciam
978 2260 1033 2313 'in
1074 2270 1215 2313 omnia
1258 2271 1456 2313 mandata

100 2354 173 2390 tua
202 2344 236 2388 ⁴.
271 2362 289 2385 ι
316 2345 411 2390 Νοιι
440 2345 579 2388 solum
608 2342 822 2392 ,mandasti
844 2374 856 2393 ,
892 2340 1030 2398 inquit
1050 2371 1065 2389 ,
1101 2338 1306 2382 custodiri
1341 2355 1458 2382 man-

102 2419 200 2461 data
235 2423 330 2466 tua,
366 2415 441 2458 sed
479 2413 684 2457 custodiri
714 2412 854 2456 nimis.
881 2410 1065 2464 Quando
1100 2408 1183 2452 hoc
1217 2409 1460 2453 mandavit?

104 2489 154 2532 ln
180 2488 373 2546 paradiso
392 2487 570 2545 ⁴quidem
593 2484 807 2528 mandavit
824 2476 927 2527 Adae
941 2482 954 2503 ⁵
973 2513 987 2531 ,
1004 2489 1051 2524 ut
1083 2479 1319 2524 custodiret
1337 2495 1461 2523 man-

150 2584 164 2607 ¹
179 2580 300 2614 nauh.
324 2591 359 2621 v,
371 2579 427 2614 28.
440 2598 480 2606 --
494 2589 508 2605 ⁸
527 2579 613 2614 Gen.
628 2590 682 2621 m,
704 2578 797 2611 1³.—
813 2578 827 2603 ³
845 2574 933 2610 lbid.
954 2585 1004 2608 ιι.
1017 2591 1059 2599 -
1076 2575 1089 2601 ⁴
1103 2572 1187 2607 Psal.
1199 2583 1319 2614 cnm,
1335 2572 1404 2607 5-6.
1422 2591 1462 2598 —

110 2640 127 2664 ⁸
140 2638 228 2673 Gen.
244 2649 282 2677 ιι,
300 2635 348 2668 16.
