<?xml version="1.0" encoding="UTF-8"?>
<!DOCTYPE html PUBLIC "-//W3C//DTD XHTML 1.0 Transitional//EN"
    "http://www.w3.org/TR/xhtml1/DTD/xhtml1-transitional.dtd">
<html xmlns="http://www.w3.org/1999/xhtml" xml:lang="en" lang="en">
 <head>
  <title>
</title>
<meta http-equiv="Content-Type" content="text/html;charset=utf-8" />
  <meta name='ocr-system' content='tesseract 3.04.00' />
  <meta name='ocr-capabilities' content='ocr_page ocr_carea ocr_par ocr_line ocrx_word'/>
</head>
<body>
  <div class='ocr_page' id='page_1' title='image "./omniaequaeextant04ambruoft_0148.png"; bbox 0 0 1800 3236; ppageno 0'>
   <div class='ocr_carea' id='block_1_1' title="bbox 371 344 1189 395">
    <p class='ocr_par' dir='ltr' id='par_1_1' title="bbox 371 344 1189 395">
     <span class='ocr_line' id='line_1_1' title="bbox 371 344 1189 395; baseline 0.006 -5"><span class='ocrx_word' id='word_1_1' title='bbox 371 344 455 390; x_wconf 81' lang='lat'><strong>138</strong></span> <span class='ocrx_word' id='word_1_2' title='bbox 926 361 959 393; x_wconf 78' lang='lat' dir='ltr'><strong>s.</strong></span> <span class='ocrx_word' id='word_1_3' title='bbox 997 361 1189 395; x_wconf 71' lang='lat' dir='ltr'><strong>Amnaosu</strong></span> 
     </span>
    </p>
   </div>
   <div class='ocr_carea' id='block_1_2' title="bbox 337 440 1788 2702">
    <p class='ocr_par' dir='ltr' id='par_1_2' title="bbox 337 440 1788 2702">
     <span class='ocr_line' id='line_1_2' title="bbox 364 440 1733 510; baseline 0.007 -26"><span class='ocrx_word' id='word_1_4' title='bbox 364 441 540 492; x_wconf 80' lang='lat' dir='ltr'><strong>fideles,</strong></span> <span class='ocrx_word' id='word_1_5' title='bbox 564 441 751 500; x_wconf 82' lang='lat' dir='ltr'><strong>perfidus</strong></span> <span class='ocrx_word' id='word_1_6' title='bbox 784 451 926 487; x_wconf 91' lang='lat' dir='ltr'><strong>autem</strong></span> <span class='ocrx_word' id='word_1_7' title='bbox 955 443 1226 502; x_wconf 78' lang='lat' dir='ltr'><strong>impatienter</strong></span> <span class='ocrx_word' id='word_1_8' title='bbox 1247 444 1457 491; x_wconf 76' lang='lat' dir='ltr'><strong>audiebat.</strong></span> <span class='ocrx_word' id='word_1_9' title='bbox 1485 440 1631 493; x_wconf 74' lang='lat' dir='ltr'><strong>Dulcis</strong></span> <span class='ocrx_word' id='word_1_10' title='bbox 1652 446 1733 510; x_wconf 86' lang='lat' dir='ltr'><strong>igi-</strong></span> 
     </span>
     <span class='ocr_line' id='line_1_3' title="bbox 366 512 1732 574; baseline 0.007 -19"><span class='ocrx_word' id='word_1_11' title='bbox 366 519 436 555; x_wconf 86' lang='lat' dir='ltr'><strong>tur</strong></span> <span class='ocrx_word' id='word_1_12' title='bbox 448 519 511 555; x_wconf 85' lang='lat' dir='ltr'><strong>est</strong></span> <span class='ocrx_word' id='word_1_13' title='bbox 530 512 760 562; x_wconf 83' lang='lat' dir='ltr'><strong>cantilena,</strong></span> <span class='ocrx_word' id='word_1_14' title='bbox 784 529 878 572; x_wconf 88' lang='lat' dir='ltr'><strong>quae</strong></span> <span class='ocrx_word' id='word_1_15' title='bbox 897 529 983 558; x_wconf 90' lang='lat' dir='ltr'><strong>non</strong></span> <span class='ocrx_word' id='word_1_16' title='bbox 1000 528 1157 574; x_wconf 83' lang='lat' dir='ltr'><strong>corpus</strong></span> <span class='ocrx_word' id='word_1_17' title='bbox 1178 515 1428 568; x_wconf 77' lang='lat' dir='ltr'><strong>etfoeminat,</strong></span> <span class='ocrx_word' id='word_1_18' title='bbox 1451 519 1526 562; x_wconf 79' lang='lat' dir='ltr'><strong>sed</strong></span> <span class='ocrx_word' id='word_1_19' title='bbox 1546 527 1732 563; x_wconf 81' lang='lat' dir='ltr'><strong>mentem</strong></span> 
     </span>
     <span class='ocr_line' id='line_1_4' title="bbox 368 583 1732 643; baseline 0.007 -18"><span class='ocrx_word' id='word_1_20' title='bbox 368 583 642 641; x_wconf 84' lang='lat' dir='ltr'><strong>animumque</strong></span> <span class='ocrx_word' id='word_1_21' title='bbox 659 583 897 628; x_wconf 85' lang='lat' dir='ltr'><strong>confirmat.</strong></span> <span class='ocrx_word' id='word_1_22' title='bbox 924 585 1111 643; x_wconf 82' lang='lat' dir='ltr'><strong>Ideoque</strong></span> <span class='ocrx_word' id='word_1_23' title='bbox 1135 586 1359 630; x_wconf 76' lang='lat' dir='ltr'><strong>Canticum</strong></span> <span class='ocrx_word' id='word_1_24' title='bbox 1384 587 1540 632; x_wconf 83' lang='lat' dir='ltr'><strong>dicitnr</strong></span> <span class='ocrx_word' id='word_1_25' title='bbox 1560 589 1732 634; x_wconf 81' lang='lat' dir='ltr'><strong>Domini</strong></span> 
     </span>
     <span class='ocr_line' id='line_1_5' title="bbox 369 655 1730 719; baseline 0.006 -22"><span class='ocrx_word' id='word_1_26' title='bbox 369 655 721 705; x_wconf 65' lang='lat' dir='ltr'><strong>Testamentum</strong></span> <span class='ocrx_word' id='word_1_27' title='bbox 750 656 846 714; x_wconf 82' lang='lat' dir='ltr'><strong>quia</strong></span> <span class='ocrx_word' id='word_1_28' title='bbox 873 657 1161 700; x_wconf 82' lang='lat' dir='ltr'><strong>remissionem</strong></span> <span class='ocrx_word' id='word_1_29' title='bbox 1197 658 1390 703; x_wconf 90' lang='lat' dir='ltr'><strong>omnium</strong></span> <span class='ocrx_word' id='word_1_30' title='bbox 1428 655 1730 719; x_wconf 78' lang='lat' dir='ltr'><strong>peccatorum,</strong></span> 
     </span>
     <span class='ocr_line' id='line_1_6' title="bbox 365 724 1733 788; baseline 0.004 -20"><span class='ocrx_word' id='word_1_31' title='bbox 365 724 618 783; x_wconf 87' lang='lat' dir='ltr'><strong>Dominique</strong></span> <span class='ocrx_word' id='word_1_32' title='bbox 642 726 822 783; x_wconf 86' lang='lat' dir='ltr'><strong>justitias</strong></span> <span class='ocrx_word' id='word_1_33' title='bbox 851 727 894 770; x_wconf 91' lang='lat' dir='ltr'><strong>in</strong></span> <span class='ocrx_word' id='word_1_34' title='bbox 921 727 1153 787; x_wconf 86' lang='lat' dir='ltr'><strong>Scripturis</strong></span> <span class='ocrx_word' id='word_1_35' title='bbox 1187 728 1400 788; x_wconf 82' lang='lat' dir='ltr'><strong>Evangelii</strong></span> <span class='ocrx_word' id='word_1_36' title='bbox 1435 730 1553 774; x_wconf 76' lang='lat' dir='ltr'><strong>suavi</strong></span> <span class='ocrx_word' id='word_1_37' title='bbox 1578 728 1733 776; x_wconf 75' lang='lat' dir='ltr'><strong>mentis</strong></span> 
     </span>
     <span class='ocr_line' id='line_1_7' title="bbox 366 797 1735 861; baseline 0.005 -22"><span class='ocrx_word' id='word_1_38' title='bbox 366 797 622 840; x_wconf 86' lang='lat' dir='ltr'><strong>exultatione</strong></span> <span class='ocrx_word' id='word_1_39' title='bbox 646 798 923 842; x_wconf 84' lang='lat' dir='ltr'><strong>concinimus.</strong></span> <span class='ocrx_word' id='word_1_40' title='bbox 956 799 1051 857; x_wconf 83' lang='lat' dir='ltr'><strong>lpse</strong></span> <span class='ocrx_word' id='word_1_41' title='bbox 1069 814 1240 857; x_wconf 88' lang='lat' dir='ltr'><strong>quoque</strong></span> <span class='ocrx_word' id='word_1_42' title='bbox 1262 800 1469 844; x_wconf 76' lang='lat' dir='ltr'><strong>Dominus</strong></span> <span class='ocrx_word' id='word_1_43' title='bbox 1483 814 1571 845; x_wconf 82' lang='lat' dir='ltr'><strong>nen</strong></span> <span class='ocrx_word' id='word_1_44' title='bbox 1590 801 1735 861; x_wconf 77' lang='lat' dir='ltr'><strong>dedig-</strong></span> 
     </span>
     <span class='ocr_line' id='line_1_8' title="bbox 366 867 1760 920; baseline 0.003 -12"><span class='ocrx_word' id='word_1_45' title='bbox 366 875 488 910; x_wconf 83' lang='lat' dir='ltr'><strong>natus</strong></span> <span class='ocrx_word' id='word_1_46' title='bbox 504 876 568 912; x_wconf 86' lang='lat' dir='ltr'><strong>est</strong></span> <span class='ocrx_word' id='word_1_47' title='bbox 584 868 725 911; x_wconf 84' lang='lat' dir='ltr'><strong>dicere</strong></span> <span class='ocrx_word' id='word_1_48' title='bbox 742 884 752 911; x_wconf 82' lang='lat' dir='ltr'><strong><em>z</em></strong></span> <span class='ocrx_word' id='word_1_49' title='bbox 769 887 786 909; x_wconf 75' lang='grc' dir='ltr'><strong>α</strong></span> <span class='ocrx_word' id='word_1_50' title='bbox 808 868 1080 912; x_wconf 75' lang='lat' dir='ltr'><strong>cantavimus</strong></span> <span class='ocrx_word' id='word_1_51' title='bbox 1103 870 1222 913; x_wconf 85' lang='lat' dir='ltr'><strong>vobis</strong></span> <span class='ocrx_word' id='word_1_52' title='bbox 1238 903 1250 920; x_wconf 96' lang='lat'><strong>,</strong></span> <span class='ocrx_word' id='word_1_53' title='bbox 1277 879 1320 914; x_wconf 91' lang='lat' dir='ltr'><strong>et</strong></span> <span class='ocrx_word' id='word_1_54' title='bbox 1348 884 1436 914; x_wconf 85' lang='lat' dir='ltr'><strong>non</strong></span> <span class='ocrx_word' id='word_1_55' title='bbox 1454 871 1637 915; x_wconf 68' lang='lat' dir='ltr'><strong>saltastis</strong></span> <span class='ocrx_word' id='word_1_56' title='bbox 1655 871 1686 915; x_wconf 73' lang='lat'><strong>³.</strong></span> <span class='ocrx_word' id='word_1_57' title='bbox 1705 889 1722 912; x_wconf 74' lang='grc' dir='ltr'><strong>ι</strong></span> <span class='ocrx_word' id='word_1_58' title='bbox 1757 867 1760 871; x_wconf 76' lang='grc'><strong>’</strong></span> 
     </span>
     <span class='ocr_line' id='line_1_9' title="bbox 368 938 1735 1000; baseline 0.004 -18"><span class='ocrx_word' id='word_1_59' title='bbox 368 938 562 983; x_wconf 80' lang='lat' dir='ltr'><strong>cantavit</strong></span> <span class='ocrx_word' id='word_1_60' title='bbox 588 941 711 983; x_wconf 88' lang='lat' dir='ltr'><strong>nobis</strong></span> <span class='ocrx_word' id='word_1_61' title='bbox 744 941 785 983; x_wconf 91' lang='lat' dir='ltr'><strong>in</strong></span> <span class='ocrx_word' id='word_1_62' title='bbox 815 941 1044 1000; x_wconf 77' lang='lat' dir='ltr'><strong>Evangelio</strong></span> <span class='ocrx_word' id='word_1_63' title='bbox 1076 942 1242 985; x_wconf 78' lang='lat' dir='ltr'><strong>veniam</strong></span> <span class='ocrx_word' id='word_1_64' title='bbox 1271 943 1552 987; x_wconf 79' lang='lat' dir='ltr'><strong>delictorum:</strong></span> <span class='ocrx_word' id='word_1_65' title='bbox 1578 942 1735 987; x_wconf 80' lang='lat' dir='ltr'><strong>debue-</strong></span> 
     </span>
     <span class='ocr_line' id='line_1_10' title="bbox 367 1010 1735 1073; baseline 0.004 -22"><span class='ocrx_word' id='word_1_66' title='bbox 367 1017 468 1053; x_wconf 89' lang='lat' dir='ltr'><strong>runt</strong></span> <span class='ocrx_word' id='word_1_67' title='bbox 501 1010 527 1052; x_wconf 86' lang='lat' dir='ltr'>J</span> <span class='ocrx_word' id='word_1_68' title='bbox 532 1010 639 1053; x_wconf 74' lang='lat' dir='ltr'><strong>udaen</strong></span> <span class='ocrx_word' id='word_1_69' title='bbox 681 1020 867 1054; x_wconf 86' lang='lat' dir='ltr'><strong>mentem</strong></span> <span class='ocrx_word' id='word_1_70' title='bbox 905 1013 1099 1055; x_wconf 79' lang='lat' dir='ltr'><strong>attollere</strong></span> <span class='ocrx_word' id='word_1_71' title='bbox 1130 1027 1216 1055; x_wconf 89' lang='lat' dir='ltr'><strong>non</strong></span> <span class='ocrx_word' id='word_1_72' title='bbox 1256 1012 1506 1057; x_wconf 83' lang='lat' dir='ltr'><strong>histrionico</strong></span> <span class='ocrx_word' id='word_1_73' title='bbox 1544 1013 1735 1073; x_wconf 78' lang='lat' dir='ltr'><strong>corporis</strong></span> 
     </span>
     <span class='ocr_line' id='line_1_11' title="bbox 365 1083 1736 1148; baseline 0.004 -24"><span class='ocrx_word' id='word_1_74' title='bbox 365 1090 512 1131; x_wconf 88' lang='lat' dir='ltr'><strong>motu,</strong></span> <span class='ocrx_word' id='word_1_75' title='bbox 542 1083 617 1125; x_wconf 88' lang='lat' dir='ltr'><strong>sed</strong></span> <span class='ocrx_word' id='word_1_76' title='bbox 639 1092 786 1148; x_wconf 77' lang='lat' dir='ltr'><strong>sancto</strong></span> <span class='ocrx_word' id='word_1_77' title='bbox 810 1083 983 1142; x_wconf 84' lang='lat' dir='ltr'><strong>Spiritu.</strong></span> <span class='ocrx_word' id='word_1_78' title='bbox 1007 1083 1104 1127; x_wconf 90' lang='lat' dir='ltr'><strong>Non</strong></span> <span class='ocrx_word' id='word_1_79' title='bbox 1125 1084 1348 1135; x_wconf 86' lang='lat' dir='ltr'><strong>fecerunt,</strong></span> <span class='ocrx_word' id='word_1_80' title='bbox 1373 1085 1469 1128; x_wconf 85' lang='lat' dir='ltr'><strong>ideo</strong></span> <span class='ocrx_word' id='word_1_81' title='bbox 1500 1085 1736 1145; x_wconf 80' lang='lat' dir='ltr'><strong>reprehen-</strong></span> 
     </span>
     <span class='ocr_line' id='line_1_12' title="bbox 367 1154 1748 1196; baseline 0.003 -1"><span class='ocrx_word' id='word_1_82' title='bbox 367 1154 541 1196; x_wconf 83' lang='lat' dir='ltr'><strong>duntur.</strong></span> <span class='ocrx_word' id='word_1_83' title='bbox 1739 1161 1748 1165; x_wconf 75' lang='grc'><strong>’</strong></span> 
     </span>
     <span class='ocr_line' id='line_1_13' title="bbox 425 1224 1737 1285; baseline 0.003 -18"><span class='ocrx_word' id='word_1_84' title='bbox 425 1224 603 1268; x_wconf 87' lang='lat' dir='ltr'><strong>XXVII.</strong></span> <span class='ocrx_word' id='word_1_85' title='bbox 644 1224 727 1268; x_wconf 89' lang='lat' dir='ltr'><strong>Sed</strong></span> <span class='ocrx_word' id='word_1_86' title='bbox 748 1226 877 1269; x_wconf 80' lang='lat' dir='ltr'><strong>etiam</strong></span> <span class='ocrx_word' id='word_1_87' title='bbox 901 1235 943 1270; x_wconf 90' lang='lat' dir='ltr'><strong>et</strong></span> <span class='ocrx_word' id='word_1_88' title='bbox 965 1226 1156 1285; x_wconf 88' lang='lat' dir='ltr'><strong>corporis</strong></span> <span class='ocrx_word' id='word_1_89' title='bbox 1176 1227 1382 1271; x_wconf 88' lang='lat' dir='ltr'><strong>saltatio</strong></span> <span class='ocrx_word' id='word_1_90' title='bbox 1371 1242 1414 1270; x_wconf 86' lang='lat' dir='ltr'><strong>m</strong></span> <span class='ocrx_word' id='word_1_91' title='bbox 1434 1228 1641 1272; x_wconf 81' lang='lat' dir='ltr'><strong>honorem</strong></span> <span class='ocrx_word' id='word_1_92' title='bbox 1658 1226 1737 1272; x_wconf 87' lang='lat' dir='ltr'><strong>Dei</strong></span> 
     </span>
     <span class='ocr_line' id='line_1_14' title="bbox 362 1295 1731 1355; baseline 0.004 -18"><span class='ocrx_word' id='word_1_93' title='bbox 362 1295 582 1337; x_wconf 84' lang='lat' dir='ltr'><strong>laudabilis</strong></span> <span class='ocrx_word' id='word_1_94' title='bbox 600 1295 782 1339; x_wconf 77' lang='lat' dir='ltr'><strong>habetur</strong></span> <span class='ocrx_word' id='word_1_95' title='bbox 795 1297 904 1354; x_wconf 78' lang='lat'><strong>(29).</strong></span> <span class='ocrx_word' id='word_1_96' title='bbox 926 1296 1118 1355; x_wconf 83' lang='lat' dir='ltr'><strong>Denique</strong></span> <span class='ocrx_word' id='word_1_97' title='bbox 1139 1298 1302 1341; x_wconf 83' lang='lat' dir='ltr'><strong>saltavit</strong></span> <span class='ocrx_word' id='word_1_98' title='bbox 1315 1298 1450 1342; x_wconf 83' lang='lat' dir='ltr'><strong>David</strong></span> <span class='ocrx_word' id='word_1_99' title='bbox 1467 1306 1566 1342; x_wconf 81' lang='lat' dir='ltr'><strong>ante</strong></span> <span class='ocrx_word' id='word_1_100' title='bbox 1585 1313 1731 1342; x_wconf 82' lang='lat' dir='ltr'><strong>arcam</strong></span> 
     </span>
     <span class='ocr_line' id='line_1_15' title="bbox 365 1366 1736 1428; baseline 0.003 -20"><span class='ocrx_word' id='word_1_101' title='bbox 365 1366 561 1416; x_wconf 87' lang='lat' dir='ltr'><strong>Domini,</strong></span> <span class='ocrx_word' id='word_1_102' title='bbox 592 1376 634 1410; x_wconf 91' lang='lat' dir='ltr'><strong>et</strong></span> <span class='ocrx_word' id='word_1_103' title='bbox 659 1368 763 1411; x_wconf 89' lang='lat' dir='ltr'><strong>vidit</strong></span> <span class='ocrx_word' id='word_1_104' title='bbox 784 1383 882 1410; x_wconf 88' lang='lat' dir='ltr'><strong>eum</strong></span> <span class='ocrx_word' id='word_1_105' title='bbox 906 1369 1060 1413; x_wconf 80' lang='lat' dir='ltr'><strong>Michol</strong></span> <span class='ocrx_word' id='word_1_106' title='bbox 1083 1368 1167 1411; x_wconf 85' lang='lat' dir='ltr'><strong>filia</strong></span> <span class='ocrx_word' id='word_1_107' title='bbox 1186 1369 1286 1413; x_wconf 82' lang='lat' dir='ltr'><strong>Saiil</strong></span> <span class='ocrx_word' id='word_1_108' title='bbox 1308 1371 1553 1420; x_wconf 76' lang='lat' dir='ltr'><strong>saltantem,</strong></span> <span class='ocrx_word' id='word_1_109' title='bbox 1576 1378 1619 1414; x_wconf 80' lang='lat' dir='ltr'><strong>et</strong></span> <span class='ocrx_word' id='word_1_110' title='bbox 1639 1384 1736 1428; x_wconf 83' lang='lat' dir='ltr'><strong>per-</strong></span> 
     </span>
     <span class='ocr_line' id='line_1_16' title="bbox 369 1438 1740 1498; baseline 0.003 -19"><span class='ocrx_word' id='word_1_111' title='bbox 369 1438 601 1481; x_wconf 87' lang='lat' dir='ltr'><strong>cutientem</strong></span> <span class='ocrx_word' id='word_1_112' title='bbox 619 1438 661 1480; x_wconf 90' lang='lat' dir='ltr'><strong>in</strong></span> <span class='ocrx_word' id='word_1_113' title='bbox 679 1439 846 1498; x_wconf 79' lang='lat' dir='ltr'><strong>organis</strong></span> <span class='ocrx_word' id='word_1_114' title='bbox 869 1439 1168 1482; x_wconf 81' lang='lat' dir='ltr'><strong>harmonizatis</strong></span> <span class='ocrx_word' id='word_1_115' title='bbox 1186 1440 1226 1482; x_wconf 90' lang='lat' dir='ltr'><strong>in</strong></span> <span class='ocrx_word' id='word_1_116' title='bbox 1241 1448 1473 1498; x_wconf 78' lang='lat' dir='ltr'><strong>conspectu</strong></span> <span class='ocrx_word' id='word_1_117' title='bbox 1490 1439 1661 1483; x_wconf 88' lang='lat' dir='ltr'><strong>Domini</strong></span> <span class='ocrx_word' id='word_1_118' title='bbox 1674 1447 1740 1489; x_wconf 85' lang='lat' dir='ltr'><strong>‚et</strong></span> 
     </span>
     <span class='ocr_line' id='line_1_17' title="bbox 370 1503 1788 1569; baseline 0.003 -19"><span class='ocrx_word' id='word_1_119' title='bbox 370 1509 425 1551; x_wconf 87' lang='lat' dir='ltr'><strong>ait</strong></span> <span class='ocrx_word' id='word_1_120' title='bbox 447 1509 499 1551; x_wconf 88' lang='lat' dir='ltr'><strong>ad</strong></span> <span class='ocrx_word' id='word_1_121' title='bbox 522 1524 620 1552; x_wconf 89' lang='lat' dir='ltr'><strong>eum</strong></span> <span class='ocrx_word' id='word_1_122' title='bbox 638 1542 649 1560; x_wconf 89' lang='lat'><strong>,</strong></span> <span class='ocrx_word' id='word_1_123' title='bbox 672 1519 948 1569; x_wconf 83' lang='lat' dir='ltr'><strong>posteaquam</strong></span> <span class='ocrx_word' id='word_1_124' title='bbox 973 1527 1017 1553; x_wconf 85' lang='lat' dir='ltr'><strong>se</strong></span> <span class='ocrx_word' id='word_1_125' title='bbox 1037 1513 1213 1561; x_wconf 83' lang='lat' dir='ltr'><strong>domum</strong></span> <span class='ocrx_word' id='word_1_126' title='bbox 1225 1511 1386 1569; x_wconf 84' lang='lat' dir='ltr'><strong>recepit</strong></span> <span class='ocrx_word' id='word_1_127' title='bbox 1402 1525 1412 1553; x_wconf 64' lang='grc' dir='ltr'><strong><em>ε</em></strong></span> <span class='ocrx_word' id='word_1_128' title='bbox 1428 1528 1444 1550; x_wconf 74' lang='grc' dir='ltr'>ι</span> <span class='ocrx_word' id='word_1_129' title='bbox 1459 1503 1575 1566; x_wconf 84' lang='lat' dir='ltr'><strong>Quid</strong></span> <span class='ocrx_word' id='word_1_130' title='bbox 1591 1510 1739 1569; x_wconf 81' lang='lat' dir='ltr'><strong>utique</strong></span> <span class='ocrx_word' id='word_1_131' title='bbox 1781 1522 1788 1527; x_wconf 86' lang='lat'>&#39;</span> 
     </span>
     <span class='ocr_line' id='line_1_18' title="bbox 366 1578 1739 1639; baseline 0.003 -20"><span class='ocrx_word' id='word_1_132' title='bbox 366 1596 382 1617; x_wconf 70' lang='lat' dir='ltr'><strong>n</strong></span> <span class='ocrx_word' id='word_1_133' title='bbox 396 1578 699 1627; x_wconf 85' lang='lat' dir='ltr'><strong>honorificatus</strong></span> <span class='ocrx_word' id='word_1_134' title='bbox 720 1589 784 1623; x_wconf 89' lang='lat' dir='ltr'><strong>est</strong></span> <span class='ocrx_word' id='word_1_135' title='bbox 804 1595 878 1624; x_wconf 88' lang='lat' dir='ltr'><strong>rex</strong></span> <span class='ocrx_word' id='word_1_136' title='bbox 899 1581 1049 1631; x_wconf 72' lang='lat' dir='ltr'><strong>IsraeI;</strong></span> <span class='ocrx_word' id='word_1_137' title='bbox 1068 1583 1166 1639; x_wconf 88' lang='lat' dir='ltr'><strong>quia</strong></span> <span class='ocrx_word' id='word_1_138' title='bbox 1188 1579 1430 1624; x_wconf 81' lang='lat' dir='ltr'><strong>denudatus</strong></span> <span class='ocrx_word' id='word_1_139' title='bbox 1451 1588 1516 1624; x_wconf 86' lang='lat' dir='ltr'><strong>est</strong></span> <span class='ocrx_word' id='word_1_140' title='bbox 1542 1580 1672 1624; x_wconf 81' lang='lat' dir='ltr'><strong>hodie</strong></span> <span class='ocrx_word' id='word_1_141' title='bbox 1694 1580 1739 1623; x_wconf 87' lang='lat' dir='ltr'><strong>in</strong></span> 
     </span>
     <span class='ocr_line' id='line_1_19' title="bbox 365 1650 1738 1708; baseline 0.003 -19"><span class='ocrx_word' id='word_1_142' title='bbox 365 1667 380 1688; x_wconf 84' lang='lat'>»</span> <span class='ocrx_word' id='word_1_143' title='bbox 394 1650 526 1693; x_wconf 90' lang='lat' dir='ltr'><strong>oculis</strong></span> <span class='ocrx_word' id='word_1_144' title='bbox 556 1652 791 1708; x_wconf 85' lang='lat' dir='ltr'><strong>puellarum</strong></span> <span class='ocrx_word' id='word_1_145' title='bbox 816 1667 987 1694; x_wconf 88' lang='lat' dir='ltr'><strong>suarum</strong></span> <span class='ocrx_word' id='word_1_146' title='bbox 1009 1652 1258 1695; x_wconf 87' lang='lat' dir='ltr'><strong>ancillarum</strong></span> <span class='ocrx_word' id='word_1_147' title='bbox 1274 1685 1284 1701; x_wconf 93' lang='lat'><strong>,</strong></span> <span class='ocrx_word' id='word_1_148' title='bbox 1312 1651 1422 1694; x_wconf 81' lang='lat' dir='ltr'><strong>sicut</strong></span> <span class='ocrx_word' id='word_1_149' title='bbox 1444 1665 1553 1694; x_wconf 74' lang='lat' dir='ltr'><strong>unus</strong></span> <span class='ocrx_word' id='word_1_150' title='bbox 1575 1666 1629 1694; x_wconf 82' lang='lat' dir='ltr'><strong>ex</strong></span> <span class='ocrx_word' id='word_1_151' title='bbox 1654 1651 1738 1693; x_wconf 80' lang='lat' dir='ltr'><strong>sal·-</strong></span> 
     </span>
     <span class='ocr_line' id='line_1_20' title="bbox 367 1720 1737 1780; baseline 0.001 -18"><span class='ocrx_word' id='word_1_152' title='bbox 367 1720 603 1763; x_wconf 80' lang='lat' dir='ltr'><strong>»tatoribus</strong></span> <span class='ocrx_word' id='word_1_153' title='bbox 622 1721 640 1762; x_wconf 76' lang='grc' dir='ltr'><strong>Ξ)</strong></span> <span class='ocrx_word' id='word_1_154' title='bbox 662 1722 741 1763; x_wconf 77' lang='lat' dir='ltr'><strong>»Et</strong></span> <span class='ocrx_word' id='word_1_155' title='bbox 763 1722 866 1764; x_wconf 88' lang='lat' dir='ltr'><strong>dixit</strong></span> <span class='ocrx_word' id='word_1_156' title='bbox 886 1722 1019 1765; x_wconf 85' lang='lat' dir='ltr'><strong>David</strong></span> <span class='ocrx_word' id='word_1_157' title='bbox 1053 1725 1104 1764; x_wconf 87' lang='lat' dir='ltr'><strong>ad</strong></span> <span class='ocrx_word' id='word_1_158' title='bbox 1134 1722 1291 1776; x_wconf 85' lang='lat' dir='ltr'><strong>Michol</strong></span> <span class='ocrx_word' id='word_1_159' title='bbox 1311 1721 1353 1763; x_wconf 90' lang='lat' dir='ltr'><strong>in</strong></span> <span class='ocrx_word' id='word_1_160' title='bbox 1377 1730 1610 1780; x_wconf 83' lang='lat' dir='ltr'><strong>conspectu</strong></span> <span class='ocrx_word' id='word_1_161' title='bbox 1645 1721 1737 1763; x_wconf 92' lang='lat' dir='ltr'><strong>Do-</strong></span> 
     </span>
     <span class='ocr_line' id='line_1_21' title="bbox 365 1790 1737 1849; baseline 0.001 -19"><span class='ocrx_word' id='word_1_162' title='bbox 365 1790 489 1831; x_wconf 82' lang='lat' dir='ltr'><strong>mini:</strong></span> <span class='ocrx_word' id='word_1_163' title='bbox 508 1809 523 1828; x_wconf 80' lang='lat'>«</span> <span class='ocrx_word' id='word_1_164' title='bbox 545 1792 799 1834; x_wconf 76' lang='lat' dir='ltr'><strong>Benedictus</strong></span> <span class='ocrx_word' id='word_1_165' title='bbox 833 1793 1036 1834; x_wconf 78' lang='lat' dir='ltr'><strong>Dominus</strong></span> <span class='ocrx_word' id='word_1_166' title='bbox 1059 1793 1129 1849; x_wconf 81' lang='lat' dir='ltr'><strong>qui</strong></span> <span class='ocrx_word' id='word_1_167' title='bbox 1149 1793 1275 1849; x_wconf 81' lang='lat' dir='ltr'><strong>elegit</strong></span> <span class='ocrx_word' id='word_1_168' title='bbox 1298 1807 1365 1834; x_wconf 85' lang='lat' dir='ltr'><strong>me</strong></span> <span class='ocrx_word' id='word_1_169' title='bbox 1406 1807 1535 1848; x_wconf 81' lang='lat' dir='ltr'><strong>super</strong></span> <span class='ocrx_word' id='word_1_170' title='bbox 1572 1799 1737 1849; x_wconf 77' lang='lat' dir='ltr'><strong>patrem</strong></span> 
     </span>
     <span class='ocr_line' id='line_1_22' title="bbox 369 1862 1737 1920; baseline 0.004 -19"><span class='ocrx_word' id='word_1_171' title='bbox 369 1879 383 1900; x_wconf 67' lang='grc' dir='ltr'><strong>ιο</strong></span> <span class='ocrx_word' id='word_1_172' title='bbox 403 1870 520 1904; x_wconf 85' lang='lat' dir='ltr'><strong>tuum</strong></span> <span class='ocrx_word' id='word_1_173' title='bbox 538 1894 546 1912; x_wconf 95' lang='lat'><strong><em>‚</em></strong></span> <span class='ocrx_word' id='word_1_174' title='bbox 566 1871 607 1904; x_wconf 85' lang='lat' dir='ltr'><strong>et</strong></span> <span class='ocrx_word' id='word_1_175' title='bbox 628 1878 753 1920; x_wconf 85' lang='lat' dir='ltr'><strong>super</strong></span> <span class='ocrx_word' id='word_1_176' title='bbox 774 1877 943 1905; x_wconf 84' lang='lat' dir='ltr'><strong>omnem</strong></span> <span class='ocrx_word' id='word_1_177' title='bbox 958 1864 1134 1905; x_wconf 84' lang='lat' dir='ltr'><strong>domum</strong></span> <span class='ocrx_word' id='word_1_178' title='bbox 1151 1863 1262 1906; x_wconf 82' lang='lat' dir='ltr'><strong>illius</strong></span> <span class='ocrx_word' id='word_1_179' title='bbox 1285 1864 1545 1906; x_wconf 83' lang='lat' dir='ltr'><strong>constituere</strong></span> <span class='ocrx_word' id='word_1_180' title='bbox 1561 1862 1604 1905; x_wconf 87' lang='lat' dir='ltr'><strong>in</strong></span> <span class='ocrx_word' id='word_1_181' title='bbox 1623 1863 1737 1920; x_wconf 86' lang='lat' dir='ltr'><strong>prin-</strong></span> 
     </span>
     <span class='ocr_line' id='line_1_23' title="bbox 368 1932 1727 1991; baseline 0.004 -20"><span class='ocrx_word' id='word_1_182' title='bbox 368 1950 382 1970; x_wconf 83' lang='lat'>»</span> <span class='ocrx_word' id='word_1_183' title='bbox 399 1932 535 1990; x_wconf 88' lang='lat' dir='ltr'><strong>cipem</strong></span> <span class='ocrx_word' id='word_1_184' title='bbox 561 1948 687 1991; x_wconf 85' lang='lat' dir='ltr'><strong>super</strong></span> <span class='ocrx_word' id='word_1_185' title='bbox 712 1932 880 1991; x_wconf 73' lang='lat' dir='ltr'><strong>plebem</strong></span> <span class='ocrx_word' id='word_1_186' title='bbox 908 1950 1025 1976; x_wconf 79' lang='lat' dir='ltr'><strong>suain</strong></span> <span class='ocrx_word' id='word_1_187' title='bbox 1056 1935 1181 1976; x_wconf 80' lang='lat' dir='ltr'><strong>lsrael</strong></span> <span class='ocrx_word' id='word_1_188' title='bbox 1203 1942 1247 1976; x_wconf 86' lang='lat' dir='ltr'><strong>et</strong></span> <span class='ocrx_word' id='word_1_189' title='bbox 1267 1934 1422 1976; x_wconf 78' lang='lat' dir='ltr'><strong>Judam</strong></span> <span class='ocrx_word' id='word_1_190' title='bbox 1452 1949 1462 1974; x_wconf 71' lang='grc' dir='ltr'>ι</span> <span class='ocrx_word' id='word_1_191' title='bbox 1494 1934 1657 1976; x_wconf 81' lang='lat' dir='ltr'><strong>saltabo</strong></span> <span class='ocrx_word' id='word_1_192' title='bbox 1683 1933 1727 1977; x_wconf 86' lang='lat' dir='ltr'><strong>in</strong></span> 
     </span>
     <span class='ocr_line' id='line_1_24' title="bbox 368 2003 1738 2062; baseline 0.005 -22"><span class='ocrx_word' id='word_1_193' title='bbox 368 2019 384 2040; x_wconf 85' lang='lat'>»</span> <span class='ocrx_word' id='word_1_194' title='bbox 398 2011 631 2060; x_wconf 85' lang='lat' dir='ltr'><strong>conspectu</strong></span> <span class='ocrx_word' id='word_1_195' title='bbox 651 2003 821 2046; x_wconf 88' lang='lat' dir='ltr'><strong>Domini</strong></span> <span class='ocrx_word' id='word_1_196' title='bbox 835 2037 846 2053; x_wconf 92' lang='lat'><strong>,</strong></span> <span class='ocrx_word' id='word_1_197' title='bbox 861 2013 903 2047; x_wconf 91' lang='lat' dir='ltr'><strong>et</strong></span> <span class='ocrx_word' id='word_1_198' title='bbox 925 2005 1178 2047; x_wconf 79' lang='lat' dir='ltr'><strong>denuda-hor</strong></span> <span class='ocrx_word' id='word_1_199' title='bbox 1193 2004 1331 2047; x_wconf 89' lang='lat' dir='ltr'><strong>adhuc</strong></span> <span class='ocrx_word' id='word_1_200' title='bbox 1354 2003 1413 2046; x_wconf 87' lang='lat' dir='ltr'><strong>sic</strong></span> <span class='ocrx_word' id='word_1_201' title='bbox 1425 2036 1437 2053; x_wconf 92' lang='lat'><strong>,</strong></span> <span class='ocrx_word' id='word_1_202' title='bbox 1457 2011 1584 2047; x_wconf 87' lang='lat' dir='ltr'><strong>etero</strong></span> <span class='ocrx_word' id='word_1_203' title='bbox 1597 2018 1738 2062; x_wconf 78' lang='lat' dir='ltr'><strong>nugax</strong></span> 
     </span>
     <span class='ocr_line' id='line_1_25' title="bbox 370 2071 1738 2134; baseline 0.004 -22"><span class='ocrx_word' id='word_1_204' title='bbox 370 2089 386 2110; x_wconf 66' lang='lat' dir='ltr'>n</span> <span class='ocrx_word' id='word_1_205' title='bbox 402 2071 442 2113; x_wconf 89' lang='lat' dir='ltr'><strong>in</strong></span> <span class='ocrx_word' id='word_1_206' title='bbox 466 2081 697 2131; x_wconf 80' lang='lat' dir='ltr'><strong>conspectu</strong></span> <span class='ocrx_word' id='word_1_207' title='bbox 730 2082 825 2123; x_wconf 87' lang='lat' dir='ltr'><strong>tuo,</strong></span> <span class='ocrx_word' id='word_1_208' title='bbox 850 2082 893 2118; x_wconf 89' lang='lat' dir='ltr'><strong>et</strong></span> <span class='ocrx_word' id='word_1_209' title='bbox 915 2090 1012 2118; x_wconf 85' lang='lat' dir='ltr'><strong>cum</strong></span> <span class='ocrx_word' id='word_1_210' title='bbox 1035 2074 1184 2134; x_wconf 83' lang='lat' dir='ltr'><strong>puellis</strong></span> <span class='ocrx_word' id='word_1_211' title='bbox 1206 2089 1307 2118; x_wconf 88' lang='lat' dir='ltr'><strong>cum</strong></span> <span class='ocrx_word' id='word_1_212' title='bbox 1335 2074 1488 2133; x_wconf 81' lang='lat' dir='ltr'><strong>quibus</strong></span> <span class='ocrx_word' id='word_1_213' title='bbox 1510 2074 1652 2120; x_wconf 79' lang='lat' dir='ltr'><strong>dixisti</strong></span> <span class='ocrx_word' id='word_1_214' title='bbox 1663 2089 1738 2118; x_wconf 86' lang='lat' dir='ltr'><strong>me</strong></span> 
     </span>
     <span class='ocr_line' id='line_1_26' title="bbox 368 2144 1739 2204; baseline 0.004 -21"><span class='ocrx_word' id='word_1_215' title='bbox 368 2159 385 2182; x_wconf 75' lang='grc' dir='ltr'>ω</span> <span class='ocrx_word' id='word_1_216' title='bbox 401 2145 605 2187; x_wconf 84' lang='lat' dir='ltr'><strong>nudatum</strong></span> <span class='ocrx_word' id='word_1_217' title='bbox 627 2177 638 2194; x_wconf 92' lang='lat'><strong>,</strong></span> <span class='ocrx_word' id='word_1_218' title='bbox 670 2144 951 2203; x_wconf 84' lang='lat' dir='ltr'><strong>glorificabor.</strong></span> <span class='ocrx_word' id='word_1_219' title='bbox 1000 2146 1052 2189; x_wconf 89' lang='lat' dir='ltr'><strong>Et</strong></span> <span class='ocrx_word' id='word_1_220' title='bbox 1087 2146 1248 2190; x_wconf 92' lang='lat' dir='ltr'><strong>Michol</strong></span> <span class='ocrx_word' id='word_1_221' title='bbox 1264 2179 1275 2196; x_wconf 92' lang='lat'><strong>,</strong></span> <span class='ocrx_word' id='word_1_222' title='bbox 1311 2146 1474 2204; x_wconf 88' lang='lat' dir='ltr'><strong>inquit,</strong></span> <span class='ocrx_word' id='word_1_223' title='bbox 1516 2145 1612 2189; x_wconf 81' lang='lat' dir='ltr'><strong>filiae</strong></span> <span class='ocrx_word' id='word_1_224' title='bbox 1638 2145 1739 2191; x_wconf 79' lang='lat' dir='ltr'><strong>Saiil</strong></span> 
     </span>
     <span class='ocr_line' id='line_1_27' title="bbox 369 2208 1740 2276; baseline 0.002 -21"><span class='ocrx_word' id='word_1_225' title='bbox 369 2231 385 2253; x_wconf 79' lang='lat'>»</span> <span class='ocrx_word' id='word_1_226' title='bbox 399 2223 590 2276; x_wconf 42' lang='lat' dir='ltr'><strong>non-erat</strong></span> <span class='ocrx_word' id='word_1_227' title='bbox 618 2214 728 2257; x_wconf 84' lang='lat' dir='ltr'><strong>filius</strong></span> <span class='ocrx_word' id='word_1_228' title='bbox 744 2230 882 2273; x_wconf 85' lang='lat' dir='ltr'><strong>usque</strong></span> <span class='ocrx_word' id='word_1_229' title='bbox 903 2216 946 2258; x_wconf 88' lang='lat' dir='ltr'><strong>in</strong></span> <span class='ocrx_word' id='word_1_230' title='bbox 970 2216 1081 2258; x_wconf 89' lang='lat' dir='ltr'><strong>diem</strong></span> <span class='ocrx_word' id='word_1_231' title='bbox 1102 2216 1250 2259; x_wconf 87' lang='lat' dir='ltr'><strong>mortis</strong></span> <span class='ocrx_word' id='word_1_232' title='bbox 1267 2216 1357 2274; x_wconf 86' lang='lat' dir='ltr'><strong>ejus</strong></span> <span class='ocrx_word' id='word_1_233' title='bbox 1370 2216 1401 2260; x_wconf 84' lang='lat'><strong>².</strong></span> <span class='ocrx_word' id='word_1_234' title='bbox 1420 2235 1439 2257; x_wconf 89' lang='lat'>»</span> <span class='ocrx_word' id='word_1_235' title='bbox 1463 2208 1651 2260; x_wconf 69' lang='lat' dir='ltr'><strong>Evidens-</strong></span> <span class='ocrx_word' id='word_1_236' title='bbox 1665 2216 1740 2259; x_wconf 48' lang='lat' dir='ltr'><strong>ita.</strong></span> 
     </span>
     <span class='ocr_line' id='line_1_28' title="bbox 366 2285 1740 2346; baseline 0.002 -19"><span class='ocrx_word' id='word_1_237' title='bbox 366 2300 451 2342; x_wconf 88' lang='lat' dir='ltr'><strong>que</strong></span> <span class='ocrx_word' id='word_1_238' title='bbox 473 2287 849 2344; x_wconf 82' lang='lat' dir='ltr'><strong>exemplumquod</strong></span> <span class='ocrx_word' id='word_1_239' title='bbox 871 2295 914 2330; x_wconf 89' lang='lat' dir='ltr'><strong>et</strong></span> <span class='ocrx_word' id='word_1_240' title='bbox 929 2287 1156 2345; x_wconf 80' lang='lat' dir='ltr'><strong>Propheta,</strong></span> <span class='ocrx_word' id='word_1_241' title='bbox 1180 2288 1252 2344; x_wconf 84' lang='lat' dir='ltr'><strong>qui</strong></span> <span class='ocrx_word' id='word_1_242' title='bbox 1275 2287 1543 2346; x_wconf 79' lang='lat' dir='ltr'><strong>percutiebat</strong></span> <span class='ocrx_word' id='word_1_243' title='bbox 1564 2287 1607 2331; x_wconf 86' lang='lat' dir='ltr'><strong>in</strong></span> <span class='ocrx_word' id='word_1_244' title='bbox 1622 2285 1740 2346; x_wconf 56' lang='lat' dir='ltr'><strong>erga}</strong></span> 
     </span>
     <span class='ocr_line' id='line_1_29' title="bbox 368 2356 1738 2415; baseline 0.002 -16"><span class='ocrx_word' id='word_1_245' title='bbox 368 2356 456 2406; x_wconf 88' lang='lat' dir='ltr'><strong>nis,</strong></span> <span class='ocrx_word' id='word_1_246' title='bbox 478 2365 520 2400; x_wconf 91' lang='lat' dir='ltr'><strong>et</strong></span> <span class='ocrx_word' id='word_1_247' title='bbox 540 2358 704 2400; x_wconf 79' lang='lat' dir='ltr'><strong>saltavit</strong></span> <span class='ocrx_word' id='word_1_248' title='bbox 725 2366 821 2400; x_wconf 89' lang='lat' dir='ltr'><strong>ante</strong></span> <span class='ocrx_word' id='word_1_249' title='bbox 844 2373 984 2400; x_wconf 84' lang='lat' dir='ltr'><strong>arcam</strong></span> <span class='ocrx_word' id='word_1_250' title='bbox 1001 2357 1196 2407; x_wconf 89' lang='lat' dir='ltr'><strong>Domini,</strong></span> <span class='ocrx_word' id='word_1_251' title='bbox 1222 2357 1476 2415; x_wconf 83' lang='lat' dir='ltr'><strong>justificatus</strong></span> <span class='ocrx_word' id='word_1_252' title='bbox 1492 2366 1581 2402; x_wconf 85' lang='lat' dir='ltr'><strong>est:</strong></span> <span class='ocrx_word' id='word_1_253' title='bbox 1607 2365 1651 2402; x_wconf 77' lang='lat' dir='ltr'><strong>et</strong></span> <span class='ocrx_word' id='word_1_254' title='bbox 1668 2357 1738 2402; x_wconf 83' lang='lat' dir='ltr'><strong>illa</strong></span> 
     </span>
     <span class='ocr_line' id='line_1_30' title="bbox 370 2418 1780 2487; baseline 0.003 -17"><span class='ocrx_word' id='word_1_255' title='bbox 370 2429 753 2487; x_wconf 74' lang='lat' dir='ltr'><strong>quaeiepiehendit</strong></span> <span class='ocrx_word' id='word_1_256' title='bbox 778 2444 902 2480; x_wconf 85' lang='lat' dir='ltr'><strong>eum,</strong></span> <span class='ocrx_word' id='word_1_257' title='bbox 928 2429 1147 2472; x_wconf 85' lang='lat' dir='ltr'><strong>sterilitate</strong></span> <span class='ocrx_word' id='word_1_258' title='bbox 1175 2431 1372 2472; x_wconf 87' lang='lat' dir='ltr'><strong>damnata</strong></span> <span class='ocrx_word' id='word_1_259' title='bbox 1393 2438 1469 2474; x_wconf 87' lang='lat' dir='ltr'><strong>est.</strong></span> <span class='ocrx_word' id='word_1_260' title='bbox 1767 2418 1780 2427; x_wconf 33' lang='grc' dir='ltr'><strong><em>Δ</em></strong></span> 
     </span>
     <span class='ocr_line' id='line_1_31' title="bbox 428 2465 1732 2559; baseline 0.002 -17"><span class='ocrx_word' id='word_1_261' title='bbox 428 2499 628 2543; x_wconf 85' lang='lat' dir='ltr'><strong>XXVIII.</strong></span> <span class='ocrx_word' id='word_1_262' title='bbox 662 2500 744 2543; x_wconf 86' lang='lat' dir='ltr'><strong>Sed</strong></span> <span class='ocrx_word' id='word_1_263' title='bbox 762 2515 849 2543; x_wconf 88' lang='lat' dir='ltr'><strong>non</strong></span> <span class='ocrx_word' id='word_1_264' title='bbox 873 2500 970 2544; x_wconf 84' lang='lat' dir='ltr'><strong>satis</strong></span> <span class='ocrx_word' id='word_1_265' title='bbox 991 2509 1055 2544; x_wconf 89' lang='lat' dir='ltr'><strong>est</strong></span> <span class='ocrx_word' id='word_1_266' title='bbox 1078 2510 1126 2543; x_wconf 91' lang='lat' dir='ltr'><strong>ut</strong></span> <span class='ocrx_word' id='word_1_267' title='bbox 1148 2501 1296 2559; x_wconf 89' lang='lat' dir='ltr'><strong>aliquis</strong></span> <span class='ocrx_word' id='word_1_268' title='bbox 1318 2501 1553 2545; x_wconf 75' lang='lat' dir='ltr'><strong>cantabiles</strong></span> <span class='ocrx_word' id='word_1_269' title='bbox 1575 2465 1732 2545; x_wconf 80' lang='lat' dir='ltr'><strong>habeat</strong></span> 
     </span>
     <span class='ocr_line' id='line_1_32' title="bbox 370 2567 1737 2625; baseline 0.004 -15"><span class='ocrx_word' id='word_1_270' title='bbox 370 2567 690 2625; x_wconf 81' lang='lat' dir='ltr'><strong>justificationes</strong></span> <span class='ocrx_word' id='word_1_271' title='bbox 715 2570 808 2619; x_wconf 90' lang='lat' dir='ltr'><strong>Dei,</strong></span> <span class='ocrx_word' id='word_1_272' title='bbox 833 2570 912 2613; x_wconf 87' lang='lat' dir='ltr'><strong>nisi</strong></span> <span class='ocrx_word' id='word_1_273' title='bbox 934 2580 1198 2614; x_wconf 85' lang='lat' dir='ltr'><strong>terrenarum</strong></span> <span class='ocrx_word' id='word_1_274' title='bbox 1222 2579 1350 2614; x_wconf 84' lang='lat' dir='ltr'><strong>exuat</strong></span> <span class='ocrx_word' id='word_1_275' title='bbox 1367 2586 1411 2614; x_wconf 87' lang='lat' dir='ltr'><strong>se</strong></span> <span class='ocrx_word' id='word_1_276' title='bbox 1426 2571 1598 2615; x_wconf 82' lang='lat' dir='ltr'><strong>servitio</strong></span> <span class='ocrx_word' id='word_1_277' title='bbox 1618 2570 1737 2615; x_wconf 71' lang='lat' dir='ltr'><strong>eolli-</strong></span> 
     </span>
     <span class='ocr_line' id='line_1_33' title="bbox 337 2627 1736 2702; baseline 0.005 -22"><span class='ocrx_word' id='word_1_278' title='bbox 337 2627 340 2631; x_wconf 27' lang='grc'>“</span> <span class='ocrx_word' id='word_1_279' title='bbox 368 2638 612 2683; x_wconf 84' lang='lat' dir='ltr'><strong>citudinum</strong></span> <span class='ocrx_word' id='word_1_280' title='bbox 630 2639 660 2684; x_wconf 81' lang='lat'><strong>³.</strong></span> <span class='ocrx_word' id='word_1_281' title='bbox 699 2640 884 2700; x_wconf 87' lang='lat' dir='ltr'><strong>Ideoque</strong></span> <span class='ocrx_word' id='word_1_282' title='bbox 916 2641 1108 2684; x_wconf 85' lang='lat' dir='ltr'><strong>addidit:</strong></span> <span class='ocrx_word' id='word_1_283' title='bbox 1147 2659 1162 2680; x_wconf 71' lang='grc' dir='ltr'><strong>ιι</strong></span> <span class='ocrx_word' id='word_1_284' title='bbox 1186 2641 1234 2684; x_wconf 89' lang='lat' dir='ltr'><strong>In</strong></span> <span class='ocrx_word' id='word_1_285' title='bbox 1263 2642 1358 2684; x_wconf 89' lang='lat' dir='ltr'><strong>loco</strong></span> <span class='ocrx_word' id='word_1_286' title='bbox 1388 2639 1736 2702; x_wconf 79' lang='lat' dir='ltr'><strong>peregrinationis</strong></span> 
     </span>
    </p>
   </div>
   <div class='ocr_carea' id='block_1_3' title="bbox 418 2719 1534 2779">
    <p class='ocr_par' dir='ltr' id='par_1_3' title="bbox 418 2719 1534 2779">
     <span class='ocr_line' id='line_1_34' title="bbox 418 2719 1534 2779; baseline 0.002 -16"><span class='ocrx_word' id='word_1_287' title='bbox 418 2738 428 2754; x_wconf 80' lang='lat'><strong>¹</strong></span> <span class='ocrx_word' id='word_1_288' title='bbox 447 2730 526 2767; x_wconf 76' lang='lat' dir='ltr'><strong>Luc.</strong></span> <span class='ocrx_word' id='word_1_289' title='bbox 547 2741 607 2770; x_wconf 83' lang='lat' dir='ltr'><strong>vu,</strong></span> <span class='ocrx_word' id='word_1_290' title='bbox 624 2732 673 2768; x_wconf 74' lang='lat'><strong>32.</strong></span> <span class='ocrx_word' id='word_1_291' title='bbox 687 2749 728 2759; x_wconf 89' lang='lat'><strong>-·</strong></span> <span class='ocrx_word' id='word_1_292' title='bbox 744 2742 756 2759; x_wconf 61' lang='grc' dir='ltr'><strong>ο</strong></span> <span class='ocrx_word' id='word_1_293' title='bbox 775 2744 794 2767; x_wconf 76' lang='lat'><strong>2</strong></span> <span class='ocrx_word' id='word_1_294' title='bbox 810 2733 893 2779; x_wconf 66' lang='lat' dir='ltr'><strong>neg.</strong></span> <span class='ocrx_word' id='word_1_295' title='bbox 911 2743 956 2775; x_wconf 72' lang='lat' dir='ltr'><strong>vt,</strong></span> <span class='ocrx_word' id='word_1_296' title='bbox 976 2732 1145 2771; x_wconf 71' lang='lat'><strong>²0·23.·-</strong></span> <span class='ocrx_word' id='word_1_297' title='bbox 1163 2733 1177 2758; x_wconf 80' lang='lat'>³</span> <span class='ocrx_word' id='word_1_298' title='bbox 1193 2731 1278 2769; x_wconf 77' lang='lat' dir='ltr'><strong>Psal.</strong></span> <span class='ocrx_word' id='word_1_299' title='bbox 1299 2741 1439 2776; x_wconf 56' lang='lat' dir='ltr'><strong>xxxviii,</strong></span> <span class='ocrx_word' id='word_1_300' title='bbox 1460 2732 1510 2771; x_wconf 68' lang='grc' dir='ltr'><strong>ιδ.</strong></span> <span class='ocrx_word' id='word_1_301' title='bbox 1532 2719 1534 2722; x_wconf 37' lang='grc'>’</span> 
     </span>
    </p>
   </div>
  </div>
 </body>
</html>
