1800 3236
373 293 464 347 346
716 339 719 342 .
933 309 966 338 s.
1004 309 1196 341 Aunnosu

375 388 449 447 qui
474 389 516 433 in
540 388 756 432 Christum
775 386 1005 438 deliciunt,
1025 388 1127 430 dum
1154 387 1246 445 ejus
1266 388 1563 446 praestolantur
1588 387 1748 432 adven·—

378 467 472 504 tum
496 475 506 504 ε
531 460 682 503 animae
703 458 1044 502 videlicetsoculi
1075 473 1162 502 non
1199 458 1412 516 corporis,
1443 465 1530 501 tota
1556 457 1656 502 fidei
1682 458 1749 502 in·

379 533 569 577 tentione
593 530 718 575 defixi
733 547 745 580 ς
773 530 816 574 in
846 545 896 574 eo
925 530 1039 574 enim
1060 545 1187 588 quem
1215 529 1426 588 diligimus
1444 562 1455 579 ‚
1483 526 1583 574 totis
1615 531 1750 575 oculis

379 617 666 661 occupamur,
699 616 780 645 nec
811 601 1043 660 quidquam
1086 601 1201 645 aliud
1235 601 1379 644 videre
1414 601 1610 646 delectat.
1657 601 1751 646 Non

379 682 520 733 potest
549 673 633 717 hoc
658 672 801 716 dicere
833 671 912 721 nisi
937 672 1010 730 qui
1035 687 1057 715 a
1086 671 1311 715 mundanis
1334 671 1690 716 sollicitudinibus
1710 680 1754 716 et

382 743 656 789 saecularibus
680 743 967 802 voluptatibus
992 743 1271 786 intentionem
1295 756 1466 786 omnem
1487 757 1572 786 suae
1596 741 1754 791 mentIs

383 816 546 860 avertit.
569 815 676 861 Nam
695 816 910 873 quomodo
928 814 1011 858 hoc
1029 814 1154 865 dicit,
1177 814 1251 872 qui
1268 814 1544 858 theatralibus
1559 813 1755 860 ludibriis

383 887 649 947 occupatur?
681 886 765 931 Sed
799 887 869 930 ille
898 887 982 930 hoc
1015 886 1142 935 dicit,
1166 885 1238 943 qui
1263 900 1390 943 supra
1407 885 1513 933 dixit
1535 901 1580 928 τα
1601 884 1757 930 Averte
1796 927 1799 930 Α

388 960 567 1002 »oculos
598 973 744 1008 meos,
777 973 831 1000 ne
859 957 1030 1000 videant
1058 956 1299 1001 vanitatem.
1338 974 1355 997 »
1379 955 1464 1008 Qui
1491 964 1634 1000 autem
1659 945 1759 1001 s'unt

386 1029 501 1074 oculi
525 1029 597 1087 qui
629 1027 836 1072 deficiunt
858 1028 902 1071 in
922 1027 1139 1085 eloquium
1161 1027 1264 1078 Dei,
1288 1027 1368 1070 nisi
1399 1026 1512 1073 oculi
1547 1026 1758 1070 interioris

388 1100 595 1150 hominis,
617 1101 878 1158 obtutusque
902 1099 1074 1147 animm,
1093 1099 1166 1157 qui
1188 1098 1423 1145 tenduntur
1436 1097 1667 1142 utrvideant
1681 1097 1759 1143 Dei

384 1172 586 1225 verbum,
610 1178 652 1214 et
674 1170 803 1215 nimia
834 1170 1072 1213 intentione
1098 1177 1141 1212 et
1163 1167 1459 1228 expectatione
1480 1166 1698 1213 deficiunt>
1717 1167 1760 1211 in

387 1243 568 1285 salutare
589 1240 691 1292 Dei,
724 1240 939 1284 desectum
966 1240 1032 1284 sui
1057 1239 1290 1299 patientes,
1326 1247 1375 1283 ut
1406 1246 1620 1284 assumant
1647 1237 1763 1297 quod

391 1313 509 1357 verbi
526 1312 620 1355 est?

452 1381 609 1427 XVIII.
648 1383 702 1426 Et
722 1382 819 1440 quia
836 1382 1052 1441 eloquium
1073 1382 1150 1426 Dei
1171 1382 1396 1440 plerosque
1417 1395 1590 1424 movere
1606 1387 1760 1439 potest,

393 1455 489 1498 ideo
513 1454 678 1498 addidit
695 1469 704 1497 ε
723 1473 739 1493 α
754 1455 982 1512 Eloquium
1000 1454 1171 1511 justitiae
1185 1471 1196 1504 ;
1213 1473 1228 1494 n
1243 1462 1289 1497 ut
1301 1468 1474 1496 movere
1489 1467 1576 1497 non
1592 1452 1757 1497 debeat.
1780 1444 1782 1446 V

392 1526 561 1573 Movere
584 1533 724 1568 autem
743 1533 933 1584 poterat,
958 1525 1054 1582 quia
1081 1525 1374 1583 scriptumest
1393 1539 1403 1568 ε
1421 1542 1437 1563 α
1452 1523 1588 1582 Major
1610 1522 1764 1567 serviet

395 1596 625 1640 »minori¹.
657 1617 673 1636 »
699 1596 804 1641 Nam
832 1596 912 1640 nisi
944 1598 998 1639 ad
1018 1596 1270 1655 mysterium
1294 1595 1496 1655 accipias,
1521 1602 1683 1638 naturae
1706 1593 1766 1637 in-

393 1669 502 1729 juria
521 1678 597 1712 est.
619 1669 693 1718 Et,
711 1686 727 1707 a
739 1668 846 1711 Dedi
859 1668 977 1711 vobis
992 1677 1204 1727 praecepta
1216 1684 1302 1711 non
1315 1668 1428 1711 bona
1441 1666 1472 1710 ².
1496 1685 1512 1707 »
1526 1667 1635 1725 Ergo
1651 1666 1765 1711 Deus

393 1741 503 1783 mala
534 1741 606 1783 dat
632 1747 858 1798 praecepta.
890 1732 1009 1789 Et,'«
1034 1739 1123 1797 Ego
1150 1740 1358 1783 Dominus
1386 1752 1535 1783 creans
1557 1735 1710 1783 n1ala³.
1737 1756 1761 1776 »2r

394 1809 480 1853 Sed
511 1818 554 1852 et
592 1810 644 1853 de
671 1809 891 1867 praeceptis
915 1809 975 1852 sic
996 1810 1197 1860 solvitur;
1228 1810 1326 1867 quia
1355 1808 1536 1854 infirmis
1558 1823 1643 1853 non
1667 1808 1769 1852 dare

399 1881 547 1924 debuit
581 1880 770 1940 perfecta
802 1889 1044 1939 praecepta‚
1084 1896 1178 1938 quae
1215 1880 1423 1924 sustinere
1455 1895 1542 1924 non
1577 1887 1765 1944 possent:

400 1953 582 2006 Quando
605 1952 770 1996 audiret
785 1952 959 1995 Judaeus
980 1968 990 1995 :
1008 1971 1024 1992 α
1039 1953 1216 1996 Dimitte
1231 1953 1373 1995 omnia
1391 1961 1514 1997 tua...
1532 1959 1576 1995 et
1593 1965 1771 2009 sequere

398 2023 554 2066 »me‘¹P
577 2042 592 2063 »
607 2024 790 2076 Quando
823 2024 989 2067 audiret
1013 2023 1187 2067 Judaeus
1211 2039 1219 2066 :
1243 2041 1259 2062 «ι
1282 2023 1365 2077 Qui
1388 2037 1475 2066 non
1506 2021 1649 2065 tulerit
1671 2036 1772 2064 cru-

397 2116 413 2136 »
428 2111 523 2140 cem
538 2111 682 2145 suam3
707 2104 749 2139 ct
771 2105 942 2139 secutus
965 2111 1034 2139 me
1060 2095 1187 2139 fuerit
1203 2129 1213 2145 ,
1234 2110 1318 2138 non
1340 2102 1402 2138 est
1423 2108 1492 2137 me
1509 2092 1683 2152 dignus⁵
1704 2092 1722 2136 ἐ’
1745 2110 1761 2132 ι

399 2166 484 2210 Sed
503 2167 594 2211 haec
616 2167 867 2225 perfectiora
885 2175 1097 2225 praecepta
1114 2165 1339 2225 Evangelio
1353 2172 1565 2209 reservata
1583 2171 1696 2207 sunt.
1719 2164 1772 2207 Et

400 2240 509 2282 mala
535 2254 620 2282 non
639 2239 797 2282 creavit
823 2239 960 2288 Deus,
985 2239 1058 2281 sed
1080 2238 1170 2281 haec
1192 2253 1284 2294 quat
1308 2235 1504 2279 videntur
1526 2235 1648 2278 nobis
1674 2249 1774 2281 aus·

402 2319 490 2355 tera
502 2342 513 2359 ,
535 2311 709 2353 verbera
722 2343 733 2360 ,
753 2326 867 2354 mors
881 2343 892 2360 ,
917 2317 959 2352 et
976 2309 1220 2367 hujusmodi
1239 2310 1318 2352 alia
1335 2323 1428 2366 quae
1445 2314 1618 2365 propter
1632 2320 1772 2349 emen-

404 2381 617 2425 dationem
642 2381 884 2439 praescripta
917 2388 1016 2423 sunt
1042 2380 1287 2428 noxiorum;
1322 2379 1444 2436 justis
1467 2378 1582 2429 enim
1602 2368 1690 2420 non
1711 2384 1775 2421 est

405 2452 472 2494 lex
494 2452 628 2510 posita
644 2485 654 2501 ‚
676 2453 749 2493 sed
773 2451 954 2508 injustis.
982 2451 1085 2496 Nam
1105 2451 1137 2493 si
1154 2450 1265 2493 noxii
1287 2449 1393 2493 nihil
1413 2449 1636 2498 timerent,
1656 2446 1774 2491 inno-

404 2531 548 2566 centes
570 2537 737 2580 semper
760 2522 973 2565 timerent.

452 2631 462 2646 ¹
478 2622 562 2654 Gen.
583 2633 656 2662 xxv,
677 2622 727 2656 25.
745 2640 785 2648 -—
800 2632 811 2647 ¹
831 2622 946 2656 Ezech.
960 2633 1012 2660 xx,
1029 2622 1079 2655 25.
1098 2640 1135 2647 -—
1155 2624 1166 2646 ³
1183 2622 1257 2655 Isai-
1278 2633 1350 2661 xm,
1364 2633 1438 2665 7.-
1458 2622 1471 2650 ⁴
1488 2619 1608 2654 Matth.
1627 2629 1696 2659 xix,
1713 2626 1768 2652 τι.

401 2693 442 2702 -—
462 2678 476 2700 ⁵
494 2676 545 2711 Id.
570 2688 603 2717 x,
620 2677 674 2710 38.
