1800 3236
409 318 628 349 rxrosrrxo
660 318 705 350 nc
734 317 925 364 »stantun
955 320 1097 351 cxvm.
1346 302 1431 362 345

72 399 199 444 »dam
218 412 346 459 super
361 395 522 450 nubes,
547 408 590 443 et
609 414 684 444 ero
708 399 856 444 similis
875 399 1148 445 Altissimo⁴P
1171 400 1286 455 Quid
1307 401 1435 461 igitur

69 471 251 522 mirum,
281 470 315 515 si
341 485 514 530 gravare
542 471 736 515 homines
766 472 920 532 possit,
943 473 1016 531 qui
1041 473 1252 533 pervicaci
1282 475 1432 533 spiritu

67 557 150 586 nee
168 542 259 586 Deo
293 541 437 585 cedit?
459 541 688 595 Quomodo
721 554 966 587 mensuram
1001 544 1215 595 veritatis,
1237 553 1281 588 et
1302 543 1433 588 fidem

68 613 113 657 in
131 613 348 657 hominem
369 613 622 663 reservabit,
641 614 715 672 qni
731 615 958 674 sacrilego,
977 615 1300 674 impudentique
1314 630 1432 659 men-

67 684 190 729 dacio
205 682 486 744 omnipotenti
503 700 547 728 se
561 685 745 729 Domino
761 680 1070 744 adaequandum
1086 701 1179 729 esse
1194 685 1433 745 promittit?

66 755 295 810 Quomodo
316 756 599 800 calumniatur
618 750 893 815 singulisjqni
912 764 1045 799 totam
1063 757 1241 800 irritavit
1256 765 1431 808 terram,

65 824 441 886 concussitreges,
465 827 607 886 posuit
627 822 1041 871 universum‘orbem
1057 828 1273 871 desertum
1288 861 1301 877 ,
1317 837 1361 872 et
1375 828 1432 872 ci-

63 899 213 958 vitates
234 899 441 943 destruxit
459 914 556 943 :eos
585 899 659 958 qui
679 899 723 942 in
745 899 1004 943 abductione
1019 908 1163 949 erant,
1181 914 1269 942 non
1288 899 1433 944 solvit?

120 967 238 1014 XVI.
276 967 509 1014 Careamus
524 984 626 1028 ergo
648 985 703 1013 ne
717 972 864 1013 muros
878 969 1030 1013 animae
1044 978 1198 1013 nostrae
1214 971 1427 1020 destruat,

60 1054 117 1083 ne
144 1036 462 1099 propugnacula
491 1050 646 1084 nostrae
675 1041 829 1084 mentis
861 1041 1001 1084 diruat
1020 1074 1032 1090 ,
1060 1056 1114 1084 ne
1138 1056 1266 1100 super
1294 1040 1431 1084 sidera

60 1108 264 1153 thronum
285 1125 411 1154 suum
431 1119 576 1169 ponat.
596 1111 720 1154 Ponit
734 1127 863 1170 super
878 1112 1014 1155 sidera
1028 1145 1038 1161 ‚
1057 1113 1228 1170 quando
1244 1113 1431 1155 electum

60 1180 240 1239 decipit,
270 1182 441 1238 quando
462 1181 624 1239 justum
646 1182 954 1232 circumvenit,
976 1182 1100 1240 cujus
1118 1183 1256 1242 'opera
1282 1184 1431 1226 lucent

58 1250 170 1295 sicut
197 1252 328 1295 stellae
353 1252 396 1295 in
419 1254 540 1296 coelo.
568 1253 718 1297 Nonne
738 1262 781 1297 et
799 1253 933 1296 Judas
954 1253 1147 1311 proditor
1168 1254 1280 1297 inter
1298 1261 1428 1297 caeteu

58 1337 128 1365 ros
149 1322 347 1366 audiebat
370 1338 414 1366 τι
435 1323 519 1367 Vos
535 1324 633 1367 estis
655 1325 728 1367 lux
747 1324 876 1382 hujus
897 1323 1103 1367 mundi2?
1121 1345 1138 1364 ο
1158 1324 1310 1368 Nonne
1332 1325 1427 1368 dia-

57 1393 180 1437 bolus
200 1392 346 1437 lumen
365 1394 459 1452 ejus
488 1394 694 1438 extinxit?
720 1395 967 1448 Quinetiam
991 1387 1097 1452 quos
1120 1411 1206 1438 non
1236 1396 1426 1454 potuerit

56 1459 390 1518 circumvenire,
416 1465 727 1515 calumniatur,
757 1465 949 1508 invidens
970 1465 1089 1523 regni
1122 1465 1304 1508 coelestis
1332 1458 1425 1523 gloss

12 1575 14 1579 ,
55 1534 189 1584 riam;
207 1543 257 1578 ut
275 1549 382 1593 quos
398 1535 609 1578 illecebris
625 1535 711 1579 suis
727 1551 750 1578 a
768 1535 937 1578 Christo
955 1550 1040 1577 non
1060 1535 1199 1593 potuit
1210 1549 1421 1593 separare,

55 1619 128 1648 eos
149 1605 372 1648 calumniis
393 1606 479 1649 suis
504 1606 635 1649 debiti
658 1606 830 1650 honoris
851 1600 992 1649 fructu
1007 1606 1417 1649 fraudare'conetur.

54 1675 285 1735 Fugiamus
308 1676 410 1736 ergo
438 1679 572 1721 malos
594 1677 947 1736 calumniatores,
970 1677 1044 1735 qui
1074 1685 1297 1736 peccatum
1318 1692 1423 1736 ope-

56 1746 204 1790 rantur
223 1747 266 1790 in
287 1748 430 1797 nobis,
451 1756 495 1790 et
515 1748 592 1806 ipsi
617 1748 738 1791 nobis
758 1748 993 1791 calumnias
1015 1748 1281 1791 infestissima
1298 1763 1422 1791 accu-

56 1818 219 1861 satione
238 1816 526 1877 componunt,'
542 1820 586 1862 id
607 1821 722 1877 quod
742 1819 822 1878 ipsi
846 1819 1025 1862 fecerint
1045 1828 1281 1878 arguentes.
1310 1820 1422 1862 Ecce

54 1902 207 1949 manus
232 1883 400 1932 Domini
423 1898 566 1949 parata
581 1899 646 1933 est
659 1923 670 1940 ,
689 1906 782 1948 qnae
799 1898 840 1933 te
856 1890 1087 1949 fugientem
1104 1891 1157 1933 ab
1174 1890 1421 1934 adversariis

17 1967 20 1970 ’
54 1968 225 2004 tueatur
244 1975 293 2004 ac
313 1970 517 2019 protegat.
546 1961 708 2004 Pharao
732 1969 773 2004 tc
794 1961 838 2003 in
860 1961 1050 2019 patribus
1074 1961 1247 2005 tenebat
1267 1977 1420 2021 super—

50 2031 157 2082 hus,
181 2031 355 2075 immitis
374 2048 385 2075 z
406 2032 549 2091 fugisti
569 2033 621 2074 ab
642 2047 711 2081 eo,
728 2032 914 2090 suscepit
933 2040 976 2075 te
990 2040 1145 2074 manus
1160 2033 1354 2083 Domini,
1374 2043 1418 2078 et

54 2102 108 2145 de
128 2102 328 2160 periculis
362 2101 567 2145 liberavit.
600 2101 694 2145 Non
730 2102 957 2144 dimisisset
984 2102 1240 2151 tephano,
1264 2103 1344 2145 nisi
1373 2112 1420 2146 tu

54 2172 109 2215 ad
129 2172 378 2215 Dominum
409 2172 682 2232 confugisses.
716 2173 895 2216 Dicebat
921 2172 1086 2216 Pharao
1111 2188 1122 2215 ε
1148 2190 1165 2212 ι
1187 2173 1418 2218 Dominum

19 2226 28 2236 ⁸
53 2242 227 2285 »nescio
241 2275 253 2291 .
275 2250 320 2285 et
339 2243 468 2286 lsrael
491 2258 578 2286 non
604 2242 814 2286 dimitto³.
851 2242 913 2287 »V
918 2243 1007 2285 ides
1028 2258 1156 2300 quam
1179 2244 1419 2301 superbus?

52 2311 202 2355 Merito
223 2327 324 2371 ergo
344 2322 565 2372 susceptus
586 2314 629 2357 in
651 2314 764 2357 bono
786 2322 875 2363 est,
896 2313 968 2371 qni
989 2314 1150 2355 malum
1170 2312 1289 2371 fugit.
1322 2314 1417 2375 Non

50 2384 211 2442 patitur
229 2399 330 2442 ergo
348 2384 463 2427 Deus
484 2384 527 2428 in
549 2387 661 2428 malo
677 2400 755 2428 nos
771 2401 862 2428 esse
882 2400 892 2427 :
913 2383 1087 2442 suscipit
1107 2383 1151 2426 in
1172 2384 1311 2435 bon03
1334 2399 1415 2428 nec

50 2454 209 2512 patitur
229 2469 327 2497 suos
348 2456 570 2498 calumniis
591 2456 823 2514 subjacere.

107 2524 243 2569 thl.
278 2543 295 2564 ι
310 2525 435 2569 Oculi
457 2527 541 2570 mei
562 2528 810 2571 defecerunt
842 2528 884 2570 in
920 2529 1104 2570 salutare
1133 2535 1256 2570 tuum
1270 2559 1282 2576 ,
1305 2535 1348 2570 et
1370 2528 1413 2571 in

7 2604 13 2610 ·
50 2596 295 2653 »eloquium
326 2597 495 2655 justitiae
521 2597 644 2642 tuae'n
666 2599 783 2651 »Qui
814 2598 898 2641 sint
918 2598 986 2640 isti
1013 2597 1126 2640 oculi
1158 2598 1406 2648 considera,

95 2696 107 2712 ¹
135 2689 212 2721 lsai.
242 2699 320 2728 xiv,
351 2690 405 2731 ιδ,
438 2691 487 2731 ¹⁴·
505 2709 547 2717 -
571 2700 585 2716 ¹
613 2691 734 2725 Matth.
763 2702 795 2731 v,
821 2691 873 2730 14.
893 2709 934 2717 -
954 2692 969 2716 ³
986 2690 1089 2724 Exod.
1116 2701 1148 2730 v,
1177 2700 1207 2723 a.
1232 2709 1273 2716 -
1294 2690 1409 2725 ⁴Psal.

15 2759 18 2762 >
51 2750 167 2784 cxvm,
188 2753 199 2775 ι
208 2742 261 2776 23.

7 3139 33 3236 mm
0 3079 2 3103 ⁴*
