1800 3236
380 322 468 370 226
519 338 530 342 ·
928 336 960 365 s.
1001 333 1194 369 *sinuosa

379 417 563 481 audique,
585 423 630 461 et
648 413 759 459 ferre
789 428 875 458 non
898 412 1104 472 possum³
1114 444 1125 458 .
1151 412 1273 459 »Hoc
1302 411 1429 475 igitur
1454 411 1742 459 inflammatus

382 487 616 538 desiderio,
627 487 700 530 ait
721 486 854 531 David
888 499 898 527 ε
923 502 939 524 α
965 484 1130 531 Defecit
1162 483 1206 528 in
1240 485 1423 528 salutare
1454 493 1578 565 tuum
1603 483 1745 530 anima

379 575 529 610 nmen.
545 567 588 604 et
603 558 647 601 in
669 557 846 601 verbum
863 564 984 599 tuum
1002 554 1220 614 speravi.»

439 627 489 673 V.
525 629 657 673 Recte
679 626 840 685 speravi
858 626 993 669 dixit
983 642 1025 669 in
1046 641 1120 670 ver
1102 626 1252 675 ”bum;
1271 634 1368 668 ante
1387 625 1502 669 enim
1525 640 1748 686 spe-{praej

380 702 520 751 cedit,
543 709 586 744 et
602 700 698 744 ideo
712 699 901 757 sequitur
918 699 1112 743 desectio.
1135 698 1327 757 Speravit
1349 707 1491 742 autem
1508 699 1550 742 in
1566 699 1746 743 verbum

384 774 500 830 quod
519 770 796 830 praedicatum
812 778 877 814 est
898 785 988 812 esse
1011 777 1261 819 venturum,
1286 771 1401 826 quod
1415 778 1553 828 potest
1570 769 1746 829 intelligi

383 846 436 889 de
463 844 554 887 Deo
581 842 735 887 Verbo.
766 840 854 884 Aut
884 849 1000 884 certe
1031 840 1074 883 in
1095 841 1274 884 verbum
1296 840 1501 898 speravit,
1525 841 1596 898 qui
1617 841 1748 884 verbo

383 915 544 959 coelesti
558 913 760 958 credidit.
789 927 873 970 quo
890 910 1062 956 Domini
1082 911 1214 954 nostri
1226 912 1319 954 Jesu
1339 911 1495 955 Christi
1522 911 1750 955 annuntia-

383 994 455 1031 tur
480 989 711 1034 adventus,
744 986 810 1034 vel
839 999 923 1042 quo
944 983 1036 1042 ejus
1066 983 1198 1040 gloria
1230 983 1481 1027 declaratur.
1509 983 1621 1042 Er50
1641 983 1751 1027 Pro-

383 1059 511 1118 pheta
543 1056 817 1100 considerans
858 1071 951 1113 quae
990 1056 1175 1112 legerat,
1208 1061 1251 1097 et
1292 1068 1468 1113 cernens
1504 1056 1619 1112 quod
1649 1047 1779 1098 cum'

384 1132 549 1173 adesset
578 1128 769 1186 corpori,
801 1128 917 1172 velut
948 1126 1200 1184 quibusdam
1231 1126 1383 1184 ligatus
1414 1126 1592 1170 vinculis
1620 1125 1751 1184 hujus

383 1202 503 1251 vitae,
522 1200 667 1245 aberat
690 1214 711 1240 a
734 1200 916 1246 salutare
935 1198 1038 1247 Dei,
1063 1197 1422 1255 concupiscebat,
1450 1196 1718 1242 desiderabat
1737 1230 1750 1248 ,

385 1270 632 1320 deficiebat,
666 1278 709 1312 et
737 1277 826 1312 toto
857 1269 1164 1312 dissolvebatur
1199 1267 1382 1318 affectu:
1416 1275 1462 1313 ut
1495 1258 1752 1313 totus‘illius

383 1342 506 1387 fieret
528 1342 643 1402 quod
665 1340 956 1390 desiderabat,
980 1340 1091 1382 sicut
1117 1339 1244 1382 etiam
1273 1339 1316 1381 in
1337 1339 1642 1397 posterioribus
1664 1338 1754 1398 ipse

389 1414 492 1459 dicit
514 1423 557 1455 τι(
577 1411 761 1455 Effundo
794 1411 838 1454 in
865 1419 1096 1469 conspectu
1119 1409 1212 1467 ejus
1236 1409 1471 1453 orationem
1494 1424 1651 1460 meam,
1676 1409 1756 1453 tri-

387 1483 680 1529 »bulationem
712 1496 850 1523 meam
880 1489 976 1523 ante
1004 1481 1143 1539 ipsum
1164 1480 1419 1538 pronuntio,
1450 1481 1494 1525 in
1516 1479 1755 1527 deficiendo

384 1571 466 1600 »ex
497 1570 567 1597 me
596 1553 790 1611 spiritum
821 1567 965 1595 meum
992 1551 1023 1594 ².
1062 1551 1254 1595 »Defecit
1279 1551 1394 1595 enim
1423 1551 1516 1609 ejus
1549 1552 1721 1613 spiritus
1740 1584 1755 1602 ,

386 1627 473 1670 imo
494 1625 548 1667 ab
574 1639 624 1666 eo
647 1621 792 1666 deficit
821 1621 991 1680 spiritus
1022 1637 1144 1671 suus,
1183 1621 1256 1679 qui
1283 1637 1327 1665 se
1356 1622 1497 1680 ipsum
1522 1629 1675 1682 negem
1709 1627 1758 1671 ut

388 1696 602 1743 adhoereat
619 1693 804 1736 Christo.
836 1693 957 1739 Unde
989 1692 1147 1737 semitae
1168 1692 1262 1750 ejus
1291 1700 1610 1750 cognoscuntur
1626 1707 1650 1736 a
1667 1692 1759 1739 Do-

387 1767 529 1815 min03
555 1765 653 1822 quia
670 1779 756 1807 non
778 1771 878 1806 sunt
893 1764 1034 1806 carnis
1048 1796 1059 1813 ‚
1081 1765 1155 1807 sed
1173 1763 1328 1808 Christi
1351 1763 1524 1809 semitae.

450 1836 520 1885 Vl.
542 1833 711 1878 Etenim
727 1834 1036 1891 requirentium
1060 1834 1198 1877 Deum
1222 1834 1289 1878 via
1312 1834 1504 1895 Christus
1519 1843 1595 1879 est.
1617 1836 1670 1881 Et
1680 1849 1758 1881 nos

392 1908 523 1966 igitur
552 1905 657 1949 illud
677 1905 1031 1963 concupiscamus
1051 1913 1256 1949 aeternum
1274 1938 1284 1955 ,
1310 1906 1422 1956 illud!
1438 1896 1621 1951 salut-are
1641 1908 1757 1953 Dei:

391 1995 479 2023 non
510 1976 862 2035 concupiscamus
898 1977 1150 2035 pecuniam,
1180 1992 1306 2034 quam
1335 1977 1574 2021 avarissimis
1598 1993 1759 2035 coneus

396 2050 590 2109 piscunt‚
608 2063 694 2091 non
717 2047 1069 2106 concupiscamus
1092 2048 1235 2090 alienae
1265 2047 1406 2091 uxoris
1429 2037 1644 2100 decorem}
1674 2058 1761 2096 non

397 2121 638 2170 ambitionis
655 2120 916 2177 exagitemur
936 2119 1144 2162 desiderio
1159 2153 1170 2169 ‚
1186 2134 1270 2162 non
1287 2118 1762 2167 aaeculartintendamus

397 2179 561 2251 gloriae',
585 2199 672 2232 non
693 2190 850 2233 fallacis
878 2189 1284 2247 circumscriptionis
1300 2189 1448 2235 studiis
1475 2205 1759 2250 occupemur,

397 2278 484 2307 non
513 2261 753 2320 proximum
784 2260 1095 2304 circumvenire
1126 2260 1348 2318 iniquitate
1386 2261 1646 2320 cupiamus-‚2
1672 2278 1762 2308 non

398 2342 615 2393 postremo
647 2339 786 2390 partes
807 2331 999 2389 vulpium
1020 2331 1148 2374 simus
1169 2331 1212 2373 in
1247 2340 1423 2375 terrenae
1446 2319 1671 2391 voluptatis
1695 2334 1763 2379 in-

399 2405 555 2448 teriora
585 2403 787 2453 demersi,
814 2410 1015 2460 tanquam
1043 2403 1186 2444 exules
1220 2411 1505 2453 aeternorum‚
1536 2411 1578 2446 et
1605 2405 1661 2448 de
1691 2406 1763 2450 illa

400 2490 592 2534 supernae
632 2474 719 2532 spei
753 2472 1078 2532 praesumptione
1118 2472 1285 2530 dejecti.
1332 2472 1511 2518 Attollat
1550 2475 1676 2534 igitur
1719 2493 1764 2522 so

402 2548 542 2591 anima
576 2552 719 2587 nostra
746 2543 947 2595 deficiens
967 2543 1126 2586 viribus
1151 2543 1260 2592 suis;
1288 2551 1336 2586 ut
1360 2544 1571 2588 adhaereat
1592 2546 1765 2591 salutari

400 2619 509 2668 Dei,
534 2615 607 2678 qni
635 2623 698 2658 est
732 2614 922 2658 Christus
952 2613 1159 2670 Dominus
1191 2613 1340 2666 Jesus,
1367 2616 1484 2674 quod
1510 2615 1765 2678 interpreta-

451 2715 461 2730 ·
481 2708 606 2740 Jerem.
626 2717 680 2747 xx,
697 2717 726 2749 9.
756 2725 796 2732 —
811 2713 825 2729 ⁸
854 2704 953 2739 Psal..
972 2715 1056 2744 cxm,
1075 2705 1106 2745 3,
1129 2705 1163 2745 4.
