1800 3236
379 309 467 374 476
928 323 960 354 s.
999 319 1192 354 annosa

374 406 483 468 gelio
507 438 519 458 ,
553 404 621 451 vel
657 404 702 449 in
729 402 909 448 Actibus
940 401 1242 462 Apostolorum
1263 433 1274 452 ,
1305 401 1386 446 illis
1414 395 1703 460 praetermissis
1723 429 1736 451 ,

373 476 559 537 loquaris
585 480 678 536 qum
696 475 838 520 saec'uli
867 484 966 519 sunt
983 507 996 526 ,
1021 474 1166 519 audias
1188 489 1281 532 quae
1303 473 1444 517 saeculi
1472 480 1582 516 sunt.
1601 489 1617 512 α
1642 471 1742 531 Sepi

370 565 524 594 »aures
553 559 647 593 tuas
674 547 829 608 spinis¹
858 547 1081 590 mutinam
1101 555 1143 590 et
1173 546 1363 604 linguam
1385 553 1501 588 tuam
1529 541 1736 603 obsepias,

374 622 460 667 Sed
480 621 595 679 quod
615 619 736 679 pejus
753 626 840 669 est,
864 616 1127 661 circumdata
1145 625 1209 661 est
1230 617 1373 674 lingua
1391 624 1463 659 tua
1477 615 1606 675 spinis
1620 647 1631 665 ,
1649 629 1744 673 quae

377 683 696 751 compungunt,
727 697 770 733 et
806 690 1032 732 vulnerant
1064 689 1310 745 loquentem
1333 701 1426 745 quae
1454 685 1603 729 mundi
1627 693 1739 730 sunt.

377 762 477 806 Ideo
501 759 762 804 adversarius
779 759 906 802 etiam
933 758 1152 808 orantibus
1174 758 1419 815 frequenter
1440 758 1660 800 saeculares
1681 755 1747 799 of·-
1772 796 1774 798 ,

381 833 521 877 fundit
548 831 837 890 cogitationes.
871 829 914 873 Si
940 845 1040 888 ergo
1061 843 1147 872 non
1174 829 1379 872 debemus
1409 828 1556 872 audire
1585 827 1744 879 aliena,

381 906 451 953 vel
477 902 692 963 superflua
713 918 723 945 :
748 909 907 960 quanto
928 901 1061 960 magis
1085 916 1171 943 non
1198 901 1404 944 debemus
1425 900 1621 960 obloqui3
1647 899 1748 944 cum

382 976 494 1020 dicat
515 974 746 1032 unicuique
774 981 967 1016 nostrum
993 972 1213 1032 Scriptura
1235 972 1488 1016 venerabilis
1516 988 1560 1015 τα
1583 971 1749 1031 Argen-

382 1055 504 1090 »tum
526 1053 570 1088 et
593 1059 743 1089 aurum
767 1052 888 1087 tuum
907 1043 1028 1102 alliga
1054 1059 1063 1087 :
1087 1052 1135 1086 ει·
1150 1043 1212 1086 ori
1235 1052 1309 1087 tuo
1325 1043 1393 1087 sac
1409 1043 1559 1103 jugum
1582 1051 1625 1086 et
1640 1058 1750 1103 pon·

383 1135 400 1160 ι
414 1115 512 1160 dus²
529 1115 548 1159 ‘z’
566 1135 581 1156 »ο
595 1114 730 1174 Alliga
747 1129 917 1157 sensum
938 1122 1059 1156 tuum
1080 1112 1163 1156 fida
1183 1113 1468 1157 taciturnitate
1492 1129 1502 1156 :
1524 1113 1646 1171 alliga
1661 1127 1751 1156 ser-

382 1203 530 1232 mones
560 1195 680 1236 tuos,
718 1185 890 1244 impone
918 1185 1069 1244 jugum
1105 1184 1169 1228 ori
1206 1194 1304 1234 tuo:
1337 1200 1391 1228 ne
1423 1184 1629 1233 indomita
1657 1199 1752 1228 cer-

383 1258 476 1303 vice
502 1257 732 1301 verborum
765 1271 809 1299 se
832 1256 975 1314 jactet.
997 1256 1175 1313 Impone
1197 1257 1364 1314 pondus
1383 1264 1433 1299 ut
1455 1263 1581 1298 cauto
1611 1255 1752 1298 omnia

383 1343 477 1386 quae
495 1326 711 1385 loquimur
723 1325 977 1375 trutinemus
992 1326 1197 1369 examine.
1215 1325 1381 1386 Quibus
1398 1334 1541 1369 tamen
1563 1325 1694 1384 spinis
1707 1332 1755 1368 ut

386 1398 523 1457 sepias
541 1398 663 1440 ¹aures
679 1405 772 1440 tuas
788 1396 1006 1456 Scriptura
1028 1396 1105 1440 tibi
1123 1396 1225 1440 dicit
1235 1413 1247 1447 ς
1259 1396 1338 1439 nisi
1356 1397 1539 1440 contrito
1552 1397 1700 1443 corde,
1711 1404 1755 1439 et

385 1470 538 1514 timore
560 1467 745 1526 judicii?
785 1468 1021 1511 salubriter
1053 1469 1130 1511 ista
1166 1476 1463 1527 compungunt
1495 1484 1505 1509 :
1538 1468 1756 1511 stimulant

387 1542 465 1585 ista
480 1575 491 1591 ,
526 1555 611 1583 non
634 1540 878 1589 vulnerant;
904 1540 1004 1583 licet
1026 1548 1069 1583 et
1095 1541 1270 1583 vulnera
1293 1540 1412 1583 utilia
1435 1539 1520 1583 sint
1542 1539 1679 1599 amici.

448 1611 568 1655 ΧΧΙ.
603 1628 619 1650 α
642 1610 796 1653 Omnia
811 1643 822 1660 ,
848 1610 1009 1668 iuquit,
1030 1612 1231 1654 mandata
1252 1611 1327 1654 Dei
1349 1610 1509 1668 justitia
1530 1616 1613 1661 est;
1633 1610 1759 1669 »quia

390 1692 489 1728 sunt
509 1683 709 1726 mandata
731 1681 925 1740 justitiae,
958 1690 1000 1725 ει
1021 1681 1115 1725 ideo
1140 1682 1228 1725 sine
1253 1682 1412 1740 justitia
1433 1675 1525 1725 esse
1551 1697 1638 1725 non
1660 1697 1762 1742 pos-

391 1754 502 1797 sunt.
524 1753 770 1798 Mandatum
787 1753 865 1796 Dei
885 1760 969 1803 cst,
995 1761 1042 1796 ut
1060 1753 1205 1812 diligas
1221 1754 1361 1797 Deum
1378 1752 1541 1797 tuum⁸.'
1562 1754 1683 1797 Unde
1706 1752 1762 1795 ait

377 1826 546 1875 *Paulus
571 1839 581 1867 :
609 1842 625 1863 α
659 1823 743 1877 Qui
778 1823 912 1881 diligit
937 1823 1178 1882 proximum
1205 1840 1353 1874 suum,
1377 1825 1514 1883 legem
1547 1823 1760 1883 implevit;

392 1897 628 1955 »scriptum
656 1904 719 1938 est
747 1895 862 1938 enim
883 1911 893 1935 τ
915 1895 1008 1938 Non
1035 1896 1289 1938 adulterabis
1304 1912 1314 1939 ε
1329 1895 1419 1939 Non
1453 1895 1622 1939 occides
1643 1894 1764 1939 zNon

398 1965 635 2010 »furaberis
653 1980 662 2008 ε
679 1965 772 2008 Non
795 1965 1093 2023 concupisces,
1119 1974 1161 2008 et
1182 1966 1215 2008 si
1232 1967 1346 2024 quod
1368 1974 1431 2009 est
1452 1965 1566 2008 aliud
1587 1965 1766 2008 manda-

392 2045 537 2086 ηοω,
573 2035 616 2078 in
649 2035 732 2078 hoc
759 2036 890 2078 verbo
914 2036 1210 2080 instauratur&
1239 2036 1314 2079 »Si
1339 2037 1382 2079 in
1413 2037 1504 2095 ipso
1527 2035 1659 2079 verbo
1684 2035 1767 2078 ins-

397 2116 591 2151 tam-atur
611 2122 738 2150 omne
758 2108 1007 2150 mandatum
1020 2139 1031 2156 ,
1055 2110 1171 2165 quod
1186 2109 1365 2151 verbum
1386 2107 1545 2166 justitia
1561 2115 1624 2150 est
1639 2107 1654 2164 (
1666 2107 1768 2164 quid

398 2177 512 2221 enim
531 2186 621 2220 *tam
638 2177 798 2234 justum
812 2210 823 2227 ,
849 2192 977 2235 quam
996 2186 1041 2220 ut
1059 2178 1206 2237 diligas
1225 2179 1363 2222 Deum
1387 2187 1532 2228 tuum,
1557 2186 1602 2222 ot
1623 2177 1768 2236 diligas

400 2248 573 2291 fratrem
598 2248 745 2306 tuum)
771 2247 916 2305 utique
938 2249 1080 2291 omnia
1104 2249 1179 2292 Dei
1201 2250 1398 2292 mandata
1412 2248 1581 2307 'justitia
1603 2256 1678 2291 est.
1709 2247 1770 2291 Si-

405 2327 480 2363 cu‘t
505 2319 620 2362 enim
641 2318 712 2376 qui
735 2318 932 2361 occidere
956 2327 1095 2377 potest
1116 2320 1288 2363 fratrem
1312 2319 1422 2379 (57¹),
1448 2320 1595 2378 utique
1610 2317 1772 2380 nondi-

404 2391 496 2448 ligii
518 2407 528 2432 :
554 2390 627 2448 qui
649 2391 857 2433 adulterat
872 2390 1010 2434 fratris
1028 2406 1201 2434 uxorem
1216 2424 1227 2440 ,
1251 2392 1397 2449 utique
1419 2407 1506 2434 non
1531 2391 1665 2450 diligit
1685 2390 1772 2434 fra-

406 2470 515 2504 trem
542 2476 552 2503 :
582 2459 653 2518 qui
675 2460 868 2503 furatur:
894 2461 967 2518 qui
990 2461 1255 2519 concupiscit
1280 2462 1463 2504 alienum
1480 2494 1492 2511 ‚
1516 2460 1663 2518 utique
1687 2474 1774 2503 non

410 2532 545 2591 diligit
565 2547 664 2575 eum
688 2547 814 2591 quem
836 2532 1032 2576 fraudare
1049 2532 1258 2576 desiderat
1277 2549 1287 2576 ε
1308 2534 1364 2576 ita
1388 2534 1466 2591 qui
1481 2533 1662 2592 superbe
1676 2533 1775 2575 'des-

461 2644 470 2658 ¹
497 2634 602 2667 'Eccli-
630 2645 758 2676 xxvm,
794 2635 847 2667 28.
872 2653 912 2660 —-
943 2645 956 2660 ⁸
985 2635 1073 2669 lbid.
1102 2648 1155 2679 ’19-
1186 2653 1225 2662 -·
1249 2637 1263 2661 ³
1288 2636 1386 2669 Deul.
1420 2644 1482 2677 Vl,
1510 2635 1543 2667 5.
1568 2651 1610 2659 —
1637 2635 1652 2663 4
1679 2633 1776 2669 Rom·

415 2701 489 2730 xm,
502 2689 539 2731 8,
553 2700 585 2733 9.
