1800 3236
369 324 397 372 4
922 335 952 363 s.
993 334 1183 364 Atianosn

370 422 525 457 statuta
541 413 622 458 est¹
640 430 649 457 :
667 415 733 458 vel
753 414 981 472 quiatotus
1003 415 1188 456 mundus
1206 410 1504 469 coinquinatus
1523 418 1613 454 erat
1629 423 1729 469 pec-

369 485 473 527 catis
504 485 678 534 nostris,
709 493 752 527 et
788 492 949 542 septem
979 483 1059 526 illis
1081 483 1268 541 pollutus
1293 481 1456 524 diebus.
1484 479 1566 524 Ubi
1588 488 1730 523 autem

368 554 484 598 venit
504 554 821 598 resurrectionis
839 554 947 604 dies,
971 552 1251 597 convivificati
1261 551 1444 595 Domino
1466 550 1492 594 J
1497 565 1574 594 esu
1595 565 1734 594 resur„

367 625 573 675 reximus,
597 634 639 668 et
655 624 785 667 erecti
806 639 950 667 sumus
963 657 974 674 ,
1000 624 1043 666 in
1063 623 1249 666 novitate
1265 622 1360 666 vitae
1380 621 1612 666 ‘ablutionis
1634 636 1732 680 gra-

366 696 470 739 tiam
482 696 762 755 praeferentes.
781 696 1013 754 Meritoque
1023 694 1301 755 primogenita
1313 694 1530 738 offerimus
1547 694 1734 737 animan-

368 766 478 808 tiain
499 765 632 824 figura
648 766 920 824 primogeniti
935 766 1032 809 Filii
1052 766 1155 815 Dei,
1180 765 1435 809 castitatiset
1450 764 1733 823 simplicitatis

370 836 596 879 animantia
608 869 619 886 ,
633 836 818 894 spiritale
836 835 1092 879 sacrificium
1107 843 1329 894 acceptum
1349 836 1439 879 Deo
1451 868 1463 885 ,
1477 850 1565 878 non
1581 844 1733 893 quarto

370 914 441 948 aut
462 906 608 963 quinto
632 907 725 956 die3
746 922 800 949 ne
821 907 920 949 imm
929 908 1090 950 undum
1109 916 1180 950 aut
1199 907 1589 950 inconsummatum
1607 904 1734 948 sacri-

369 973 517 1019 ficium
538 976 590 1018 sit
611 991 620 1019 :
646 977 721 1019 sed
740 985 887 1020 octava
915 977 981 1019 die
1004 993 1085 1034 qua
1103 993 1250 1020 omnes
1271 977 1314 1019 in
1337 976 1492 1019 Christi
1518 989 1735 1019 resurrec-

370 1045 485 1087 tione
505 1061 591 1088 non
612 1048 747 1089 solum
771 1048 1032 1096 resuscitati,
1061 1050 1135 1090 sed
1155 1048 1284 1090 etiam
1312 1046 1552 1091 confirmati
1572 1061 1730 1090 sumus.

366 1117 487 1159 Unde
506 1117 605 1160 licet
626 1118 668 1160 in
689 1119 941 1176 baptismate
957 1120 1082 1176 plena
1103 1117 1157 1161 sit
1182 1119 1325 1163 statim
1345 1118 1566 1177 purgatio:
1594 1126 1737 1162 tamen

367 1187 466 1243 quia
490 1187 714 1230 ablutionis
734 1187 864 1246 ipsius
884 1187 1167 1246 sacrificiique
1183 1188 1389 1231 rationem
1400 1189 1640 1247 baptizatus
1658 1190 1738 1231 de-

368 1256 813 1315 betcognoscere(1)‚
839 1272 924 1300 non
954 1257 1079 1300 offert
1111 1257 1394 1310 sacrificium,
1425 1258 1505 1302 nisi
1535 1265 1737 1302 octavum

371 1327 632 1386 ingrediatur
643 1329 755 1371 diem
767 1345 780 1377 ς
805 1337 853 1371 ut
874 1328 1124 1373 informatus
1145 1330 1358 1387 agnitione
1374 1338 1738 1374 sacramentorum

371 1399 607 1442 coelestium
631 1414 716 1442 non
738 1399 861 1456 quasi>
876 1400 1016 1450 rudis,
1038 1402 1111 1444 sed
1131 1402 1250 1458 quasi
1266 1401 1440 1444 rationis
1461 1417 1613 1460 capax,
1634 1410 1738 1445 tunc

371 1471 544 1512 demum
562 1486 687 1513 suum
708 1485 863 1513 munus
886 1471 1087 1514 altaribus
1110 1473 1238 1515 sacris
1257 1472 1429 1523 offerat,
1451 1488 1551 1517 cum
1562 1473 1740 1531 coeperit

370 1554 461 1582 esse
482 1540 728 1583 instructior
744 1557 756 1589 ;
775 1555 828 1582 ne
846 1539 1063 1583 offerentis
1084 1541 1250 1585 inscitia
1275 1542 1536 1586 contaminet
1557 1542 1740 1587 oblatio-

372 1609 436 1652 nis
461 1610 725 1668 mysterium.

430 1681 503 1724 ΙΙΙ.
528 1681 692 1723 Titulus
706 1688 847 1723 autem
866 1681 1046 1731 Psalmi,
1062 1699 1078 1721 α
1095 1682 1300 1743 Alleluia»
1313 1690 1399 1732 est,
1437 1683 1521 1726 hoc
1542 1691 1628 1734 est,
1648 1683 1746 1726 laus

368 1752 461 1795 Dei.
489 1752 537 1794 In
557 1752 621 1794 his
648 1753 761 1795 enim
784 1753 952 1810 hymnis
974 1741 1072 1796 vere
1087 1753 1424 1804 Deuslaudatur‚
1443 1754 1652 1813 inquibus
1668 1763 1734 1798 est

366 1831 644 1880 peccatorum
660 1823 864 1866 remissio.
884 1824 1077 1882 Denique
1100 1824 1144 1866 in
1165 1825 1383 1883 superiore
1403 1825 1571 1869 Psalmo
1601 1826 1740 1884 passio

372 1894 544 1936 Domini
565 1894 776 1952 praemissa
799 1902 885 1944 est3
911 1910 1003 1952 quae
1034 1897 1245 1939 mundum
1265 1896 1382 1939 hunc
1405 1896 1549 1946 diluit,
1572 1904 1622 1940 ut
1643 1896 1740 1955 dig-

376 1978 453 2006 nos
474 1963 632 2007 faceret
651 1966 829 2023 populos
856 1965 927 2022 qui
949 1965 1086 2008 Deum
1111 1966 1384 2011 immaculato
1405 1982 1479 2011 ore
1499 1969 1734 2011 laudarent.

375 2033 471 2092 Ipsa
492 2050 660 2092 quoque
684 2035 920 2078 litterarum
943 2037 1151 2080 elementa
1168 2070 1180 2087 ‚
1212 2048 1260 2082 ut
1290 2039 1431 2081 omnia
1461 2039 1630 2083 hebraea
1659 2053 1740 2082 no-

378 2105 515 2155 mina,
542 2118 629 2148 non‘
649 2114 748 2148 sunt
777 2105 1037 2149 rationabilis
1074 2107 1434 2166 interpretationis
1457 2124 1591 2152 vacua
1612 2117 1741 2167 atque

378 2174 584 2218 immunia
597 2209 608 2225 ,
646 2191 828 2233 quorum
865 2176 1191 2234 significationes
1226 2180 1329 2222 locis
1368 2180 1452 2223 suis
1484 2180 1734 2239 aperiemus.

379 2244 644 2288 centesimus
667 2255 708 2288 et
726 2247 975 2289 undecimus
995 2247 1185 2291 Psalmus
1214 2265 1292 2307 per
1316 2250 1391 2293 has
1419 2251 1579 2294 litteras
1596 2251 1640 2294 in
1663 2251 1742 2294 he-

379 2316 495 2358 braeo
522 2316 564 2358 in
585 2316 798 2375 principiis
822 2318 1127 2362 versiculorum
1150 2320 1337 2378 digestus
1364 2329 1451 2371 est,
1474 2330 1518 2365 et
1538 2330 1603 2365 est
1627 2329 1741 2365 totus

382 2384 547 2428 ethicus
565 2401 575 2428 ι
600 2394 643 2429 et
663 2387 1133 2432 centesimus-decimus
1153 2390 1258 2433 mihi
1268 2391 1325 2434 ita
1350 2391 1533 2450 scriptus
1554 2391 1735 2435 videtur.

380 2455 571 2513 Denique
592 2457 762 2500 vicenos
784 2466 827 2500 et
841 2458 964 2501 binos
986 2475 1127 2502 versus
1141 2460 1322 2511 habent,
1342 2471 1385 2505 et
1411 2462 1586 2520 singulis
1606 2461 1742 2506 versi-

379 2524 460 2567 bus
481 2525 652 2584 singulae
673 2528 934 2586 explicantur
965 2531 1193 2576 sententiae.
1226 2533 1346 2577 Unde
1366 2541 1410 2577 et
1429 2548 1507 2591 per
1526 2541 1664 2578 metra
1681 2547 1741 2576 as—

383 2603 580 2639 seruntur
600 2612 689 2640 esse
713 2598 921 2657 descripti.

429 2694 440 2711 ⁸
459 2686 566 2721 Levit.
589 2700 646 2730 ηι,
660 2690 691 2730 3,
705 2690 736 2728 4.
