1800 3236
360 337 448 394 470
914 345 947 376 s.
985 346 1179 375 annnosu

362 440 461 476 cum
488 427 531 470 in
570 440 654 484 quo
681 425 795 469 Deus
819 425 874 467 sit
895 426 1148 474 arbim-etum
1183 439 1282 467 cum
1307 423 1460 482 utique
1480 423 1726 474 invisibilis.

361 497 605 546 ineffabilis,
636 495 1074 553 incomprehensibilis
1090 495 1263 553 impleat
1276 494 1434 544 omnia,
1457 502 1500 539 ot
1519 493 1726 541 Divinita-

361 569 416 613 tis
436 569 480 611 in
508 583 558 611 eo
583 567 747 610 habitet
773 565 1005 624 plenitudo.
1039 565 1139 623 Legi
1169 565 1340 622 Moysen
1373 554 1728 623 appropinquasse

362 639 471 689 Deo,
496 653 593 681 cum
610 637 766 695 Legem
789 637 1001 694 acciperet
1016 635 1030 658 ²
1057 652 1067 679 :
1091 636 1164 679 sed
1181 636 1302 679 solita
1318 635 1452 679 David
1473 636 1728 679 verecundia

364 721 453 754 non
474 708 775 766 semetipsum,
798 709 872 750 sed
891 707 1126 750 orationem
1142 720 1264 749 suam
1278 706 1369 749 Deo
1391 706 1729 765 appropinquare

362 782 575 840 postulat3
596 788 644 822 ut
664 779 858 822 videatur
877 780 981 822 ordo
995 778 1167 836 quidam
1186 792 1276 820 esse
1299 777 1541 827 distinctus,
1564 777 1710 835 quod
1698 777 1728 821 ii

363 853 436 912 qui
461 852 733 911 perfectiores
757 858 878 899 sunt,
906 850 985 908 ipsi
1012 849 1352 928 appropinquent
1376 848 1489 898 Deo,
1514 848 1729 907 sequentis

363 932 504 967 autem
527 922 686 965 ordinis
715 921 815 979 justi
837 921 914 964 viri
937 920 1037 963 satis
1062 921 1247 963 habeant
1268 919 1301 962 si
1328 933 1488 970 eorum
1507 919 1730 979 appropin-

364 1004 467 1053 quet
489 994 637 1037 oratio.

421 1063 513 1110 VH.
551 1065 613 1107 Ex
634 1079 712 1106 usu
735 1071 876 1106 autem
901 1062 1034 1106 nostri
1055 1061 1261 1105 sermonis
1286 1060 1606 1106 consideremus
1625 1060 1730 1118 quid

362 1135 418 1178 sit
448 1135 800 1193 appropinquare.
838 1133 1060 1177 Constitue
1086 1133 1360 1191 magistrum,
1391 1140 1518 1190 atque
1540 1132 1731 1191 discipu—

363 1207 452 1250 lum
478 1221 489 1248 t
514 1206 548 1249 si
570 1205 801 1264 discipulus
825 1204 1053 1247 studiosius
1070 1203 1258 1262 magistri
1270 1204 1336 1246 vel
1352 1203 1493 1247 hausit
1512 1202 1730 1261 ingenium

364 1279 432 1321 vel
452 1285 666 1336 praecepto
688 1277 894 1326 intendit,
918 1276 975 1318 ita
998 1283 1045 1319 ut
1067 1277 1118 1318 ad
1139 1275 1460 1318 similitudinem
1482 1273 1626 1332 operis.
1637 1274 1730 1331 ejus

366 1357 494 1406 atque
516 1348 719 1391 doctrinae
744 1347 934 1406 proxime
963 1347 1157 1391 videatur
1174 1348 1400 1396 accedere3
1426 1362 1567 1389 nonne
1588 1346 1730 1390 dicere

362 1418 548 1462 solemus
570 1419 686 1476 quod
707 1418 1057 1477 appropinquavit
1074 1417 1302 1475 magistro?
1323 1417 1434 1475 Ergo
1449 1425 1493 1460 et
1517 1425 1564 1459 tu
1586 1417 1620 1465 si
1638 1415 1731 1459 imi-

362 1494 546 1531 tutorem
567 1496 609 1532 te
630 1488 819 1546 praebeas
841 1487 998 1530 Christi
1022 1487 1131 1530 sicut
1153 1488 1222 1530 ille
1244 1487 1315 1547 qui
1343 1486 1401 1531 sit-
1426 1498 1469 1528 ια
1490 1486 1730 1530 Imitatores

363 1559 478 1602 ’mei
501 1565 661 1608 estote,
693 1558 802 1601 sicut
832 1566 875 1601 et
904 1573 982 1616 ego
1017 1558 1174 1601 Christi
1197 1557 1211 1579 ²
1242 1575 1284 1599 :a
1312 1558 1346 1600 si
1373 1558 1518 1603 delum
1541 1557 1727 1607 nescias.

362 1629 636 1672 mendaeium
659 1629 798 1671 oderis
813 1660 825 1678 ‚
847 1629 1067 1672 veritatem
1090 1629 1298 1686 sequaris,
1322 1629 1527 1686 justitiam
1553 1643 1638 1673 uon
1661 1641 1730 1671 re·—

363 1697 525 1758 sugias,
551 1699 698 1757 diligas
730 1699 1046 1748 castimoniam,
1084 1699 1429 1779 appropinquasti
1462 1699 1654 1750 Christo,
1687 1707 1731 1743 et

358 1779 439 1828 per
470 1769 686 1813 Christum
711 1771 815 1813 Deo.
849 1771 946 1827 Ipse
975 1770 1089 1812 enim
1112 1778 1176 1813 est
1197 1771 1284 1820 via,
1305 1760 1650 1829 quaepervenitur
1677 1772 1730 1815 ad

361 1841 556 1891 Patrem,
579 1841 651 1898 qui
674 1843 784 1898 apud
802 1841 968 1884 Patrem
985 1854 1153 1898 semper
1172 1849 1247 1885 est.

424 1911 535 1955 VIII.
570 1911 807 1954 Didicimus
826 1912 929 1969 quid
941 1911 994 1954 sit
1009 1912 1349 1970 appropinquare
1370 1912 1627 1963 orationem,
1645 1912 1729 1957 hoc

363 1989 451 2031 est,
470 1982 660 2024 elevetur
683 1982 846 2024 actibus
869 1982 1036 2033 nostris.
1059 1981 1104 2024 Si
1129 1984 1266 2025 elevas
1284 1991 1403 2025 actus
1423 1990 1538 2032 tuos,
1559 1982 1729 2027 elevasti

362 2051 598 2095 orationem
618 2060 745 2095 tuam.
770 2053 854 2105 Qui
870 2053 987 2096 novit
997 2054 1161 2096 elevare
1180 2068 1330 2096 manus
1342 2069 1464 2103 sues,
1478 2053 1620 2112 dirigit
1631 2065 1728 2097 orn·-

360 2120 521 2164 tinnem
538 2137 657 2164 suam
674 2121 718 2164 in
740 2132 972 2182 conspeetu
994 2124 1097 2174 Dei,
1115 2124 1344 2167 sicutinfra
1358 2124 1517 2184 legisti:
1535 2142 1552 2164 ι
1568 2124 1728 2184 Dirige—

360 2204 377 2232 »
391 2199 461 2234 tut·
477 2193 612 2235 oratio
628 2208 723 2236 mea
735 2194 844 2238 sicut
863 2195 1085 2238 incensum
1106 2195 1152 2237 in
1175 2203 1433 2288 conspectu,³
1429 2203 1516 2239 tuo.
1541 2194 1727 2239 Elevntio

361 2277 595 2306 »manuum
616 2279 807 2308 mearum
830 2265 1088 2308 sacrificium
1111 2265 1433 2324 vespertinum³
1440 2298 1450 2310 .
1479 2284 1494 2307 ι
1515 2266 1627 2310 Haec
1642 2265 1728 2314 uti-

362 2348 445 2390 que
468 2334 602 2376 oratio
625 2337 677 2377 ad
698 2336 854 2385 vitam.
880 2338 958 2380 alia
976 2338 1111 2381 oratio
1133 2338 1175 2380 in
1198 2346 1454 2395 peccatum:
1471 2355 1488 2378 ι
1509 2338 1563 2381 Et
1590 2338 1726 2381 oratio

360 2403 530 2460 »eJusn
504 2403 602 2447 fiut'
592 2420 634 2447 m
655 2415 878 2462 peccatum
906 2407 936 2450 ¹³.
958 2409 1040 2450 »Et
1062 2402 1108 2469 ιιι
1128 2409 1161 2450 si
1184 2409 1399 2451 saecularia
1427 2417 1571 2467 petas,
1601 2409 1634 2451 si
1653 2407 1726 2451 ssa-

357 2472 505 2532 gitiosa
527 2477 740 2533 postules,
765 2477 900 2521 oratio
919 2487 990 2521 tua
1009 2480 1098 2536 ιιοιι
1122 2479 1172 2520 ad
1194 2481 1330 2521 Deum
1352 2479 1562 2538 dirigitur,
1584 2478 1693 2522 sed'
1681 2492 1725 2523 m

358 2552 597 2602 peceatum.
620 2547 809 2605 Ideoque
828 2548 1021 2607 intellige
1043 2543 1136 2607 quae
1158 2558 1289 2608 petas·

407 2656 416 2671 ¹
454 2643 561 2682 Exod.
598 2661 699 2690 xxxv,
733 2651 784 2686 ιδ.
803 2671 844 2677 -
871 2662 884 2678 ²
917 2663 930 2686 1
959 2652 1036 2686 Cor.
1068 2664 1114 2694 iv,
1148 2653 1196 2686 16.
1217 2672 1252 2678 --
1284 2653 1297 2677 ³
1325 2651 1406 2687 Psal.
1435 2654 1506 2695 ext,
1529 2659 1612 2685 2.-
1633 2654 1646 2681 4
1664 2642 1715 2685 Id.

359 2709 455 2741 cvm,
473 2712 505 2745 7.
