1800 3236
339 249 425 301 264
555 242 569 250 “
710 289 715 293 .
888 261 919 289 s.
959 261 1154 290 Aimnosn

336 345 454 402 Inter
473 342 622 386 calices
644 350 686 386 te
707 340 879 384 'redemi
893 375 903 391 ‚
931 341 1041 384 inter
1062 343 1206 400 epulas
1230 342 1444 400 acquisivi.
1470 343 1597 399 Venit
1619 351 1703 388 'am-

337 414 465 473 biiio‘,
490 422 533 456 et
566 413 668 455 dicit
688 412 764 455 tibi
786 427 795 454 ε
819 412 947 454 Plane
978 427 1098 463 meus
1125 428 1180 454 cs.
1209 412 1352 457 Nescis
1373 415 1487 473 quod
1507 402 1600 459 ideo
1621 414 1702 458 im-

334 491 483 543 perare
512 483 599 526 aliis
632 491 673 526 te
705 482 808 533 soci,
838 491 885 536 ut
917 476 1021 525 mihi
1053 484 1147 543 ipse
1173 484 1383 527 servires?
1408 484 1553 528 Nescis
1589 487 1705 543 quod

340 557 435 599 ideo
459 563 710 613 potestatem
732 554 774 595 in
799 563 838 596 le
864 554 1052 603 contuli;
1069 563 1133 597 ut
1155 569 1258 598 meae
1283 550 1605 615 tesubjiceiem
1627 572 1706 616 po-

285 666 287 668 .
340 626 507 683 testati?
529 625 782 683 An‘1‹noras
806 624 882 683 ipsi
915 626 1086 669 domino
1114 625 1318 669 Salvatori
1345 627 1509 671 dictum
1533 643 1625 672 esse
1654 628 1707 671 ab'

339 698 468 755 hujus
498 696 648 740 mundi
672 696 888 754 principe,
922 711 1020 739 cum
1056 695 1094 738 ei
1127 698 1378 750 ostendisset
1402 699 1541 758 omnia
1580 715 1710 759 iegna

339 768 487 812 mundi
508 782 517 809 z
536 786 552 806 «
577 767 677 810 Haec
711 766 853 810 omnia
881 766 990 808 dabo
1022 766 1125 815 tibi,
1157 765 1189 808 si
1218 763 1444 824 procidens
1467 769 1709 814 ‘adoraveris

339 838 486 883 »me¹.
513 838 660 881 »Ante
694 853 792 896 ergo
825 838 913 895 ipse
943 837 1184 894 subjicitur,
1209 837 1279 895 qui
1309 837 1411 881 alios
1435 839 1525 882 vult
1553 827 1713 883 habere

343 910 573 967 subjectOS.
601 907 787 951 Veniunt
808 907 949 949 omnia
973 907 1073 950 vitia
1091 941 1100 957 ,
1129 917 1171 951 et
1200 908 1362 967 singula
1390 910 1538 954 dicunt
1563 926 1573 953 :
1595 909 1712 954 Meus

343 996 400 1024 es.
425 981 565 1032 Quem
582 979 688 1021 tanti
705 987 975 1036 competunt,
1001 994 1128 1036 quam
1144 979 1227 1022 vile
1243 980 1502 1039 mancipium
1526 988 1589 1024 est
1610 982 1620 1024 Σ

405 1051 495 1097 XL.
536 1049 763 1103 Quomodo
781 1065 881 1109 ergo
898 1059 945 1093 tu
960 1049 1033 1108 qui
1055 1050 1302 1107 hujusmodi
1320 1067 1364 1094 es
1376 1085 1388 1102 ,
1407 1061 1525 1110 potes
1536 1052 1714 1097 ‚Christo

347 1123 490 1166 dicere
519 1136 528 1164 :
546 1139 562 1161 «
585 1122 700 1164 Tuus
724 1121 852 1164 sum?
885 1122 1311 1180 »Respondebittibi
1332 1122 1402 1165 ille
1423 1137 1434 1173 ς
1455 1139 1475 1171 αι1
1497 1122 1589 1167 Non
1620 1122 1715 1181 qui:-

348 1212 365 1235 »
380 1208 565 1251 cumque
594 1192 696 1235 dicit
725 1192 831 1236 mihi
854 1207 864 1234 z
888 1192 1068 1242 Domine
1083 1225 1094 1242 ‚
1125 1182 1333 1243 Domine,
1368 1193 1543 1237 intrabit
1561 1193 1604 1243 in
1628 1197 1719 1253 reg-

349 1278 484 1306 »num
511 1263 716 1305 coelorum
738 1263 753 1284 ²
783 1278 793 1305 z
819 1281 835 1303 »
857 1277 943 1305 non
981 1262 1241 1321 quicumque
1273 1262 1375 1306 dicit
1402 1262 1509 1306 'mihi
1531 1279 1541 1307 :
1565 1281 1581 1303 α
1600 1263 1716 1307 Tuas

349 1328 497 1384 asum,
523 1353 539 1375 »
553 1349 671 1377 meus
687 1342 762 1377 est.
788 1333 905 1377 Meus
924 1335 1051 1393 plane
1068 1349 1133 1383 es,
1157 1334 1190 1376 si
1216 1348 1363 1377 vocem
1389 1349 1476 1377 non
1491 1327 1718 1393 redarguat

353 1406 612 1450 conscientia
627 1439 638 1456 ,
658 1406 692 1448 si
713 1420 952 1448 sermonem
974 1413 1097 1448 tuum
1116 1405 1278 1448 animus
1300 1413 1372 1448 aut
1393 1421 1518 1465 opera
1541 1422 1626 1450 non
1649 1422 1719 1450 re-

351 1477 502 1520 futent.
536 1478 624 1534 Ego
647 1491 730 1519 non
763 1492 872 1534 nego
899 1491 1043 1518 meum
1076 1472 1178 1519 csse·
1197 1491 1295 1521 eum
1313 1509 1324 1526 ,
1348 1477 1420 1534 qui
1450 1477 1538 1536 ipse
1563 1493 1613 1520 -se
1632 1492 1720 1520 non

350 1555 497 1606 neget,
523 1547 594 1590 aut
613 1556 727 1591 certe
750 1547 782 1589 si
805 1562 883 1606 pro
903 1562 972 1589 me
989 1563 1033 1590 se
1056 1547 1192 1605 ipsum
1212 1547 1291 1590 sibi
1315 1548 1506 1606 abneget.
1529 1548 1633 1592 Nolo
1649 1547 1722 1591 ha-

350 1621 453 1664 bere
467 1620 679 1663 servulum
691 1619 884 1677 pluribus
895 1618 1076 1661 dominis
1099 1619 1363 1662 servientem.
1382 1618 1487 1662 Nam
1507 1622 1721 1678 quomodo

353 1705 474 1733 meus
498 1698 585 1738 est,
611 1689 644 1731 si
667 1688 771 1731 mihi
791 1689 903 1731 dicat
925 1689 1055 1732 verbo
1077 1705 1086 1731 :
1105 1707 1120 1728 «
1144 1689 1260 1732 Tuus
1281 1704 1373 1733 sum
1390 1723 1399 1738 ‚
1426 1697 1498 1736 »et
1523 1689 1730 1748 operibus

355 1769 481 1818 neget
496 1793 506 1809 ,
528 1768 571 1802 et
592 1759 712 1802 factis
734 1774 778 1802 se
796 1759 964 1802 diabolo
985 1758 1201 1817 adjudicet
1217 1768 1259 1802 et
1272 1758 1538 1818 obstringat?
1553 1759 1645 1804 Non
1659 1769 1722 1803 cst

353 1846 473 1873 meus
496 1845 622 1888 quem
651 1830 784 1873 libido
808 1830 1177 1888 succendit3>quia
1203 1845 1296 1873 mea
1330 1837 1393 1872 est
1419 1822 1601 1880 eastitasss
1627 1823 1722 1874 Non
1754 1843 1757 1845 ’

355 1910 422 1958 est
440 1916 559 1943 meus
582 1916 708 1958 quem
732 1914 833 1943 cura
851 1901 1057 1959 spoliandi
1081 1894 1266 1944 minores
1287 1900 1493 1959 exagitat;
1515 1900 1613 1958 quia
1630 1916 1723 1944 mea

355 1972 572 2030 integritas
595 1980 669 2014 est.
708 1971 801 2015 Non
825 1980 888 2015 est
909 1987 1028 2014 meus
1051 1987 1179 2030 quem
1203 1971 1264 2014 ira
1284 1971 1452 2024 mobilis
1484 1970 1688 2030 inquietat
1708 1983 1720 2020 3

356 2042 452 2099 quia
475 2057 569 2084 mea
593 2042 870 2099 tranquillitas
896 2050 976 2098 qest.
999 2042 1100 2086 'Non
1130 2051 1192 2085 est
1212 2057 1334 2084 meus
1360 2040 1446 2084 vini
1475 2042 1645 2100 crapula
1664 2048 1724 2083 te-

354 2114 568 2156 mulentus
607 2114 649 2156 in
685 2115 849 2163 lucem,
883 2113 1111 2155 ambitione
1138 2112 1279 2171 gloriae
1310 2111 1519 2171 saecularis
1556 2111 1721 2162 ebrius,

359 2185 430 2242 qui
461 2185 502 2226 in
537 2184 774 2243 periculum
797 2200 879 2227 non
904 2185 1035 2243 possit
1060 2184 1210 2226 sobriae
1232 2183 1534 2226 moderationis
1560 2197 1726 2226 servare

358 2254 593 2313 vestigium.
619 2255 704 2298 Pax
725 2271 818 2297 sum
847 2270 952 2314 ego,
978 2255 1140 2313 litigare
1161 2270 1246 2296 non
1270 2254 1379 2297 novi.
1409 2253 1524 2306 Quid
1549 2253 1665 2296 mihi
1674 2253 1727 2297 ad

361 2340 459 2367 eum
466 2289 544 2367 Ddo
581 2340 665 2382 quo
701 2326 841 2368 veniat
867 2326 1079 2375 diabolus,
1110 2334 1151 2367 et
1181 2325 1329 2367 dicat:
1354 2325 1470 2367 Meus
1506 2332 1592 2374 est,
1626 2339 1739 2375 nam,

359 2396 463 2440 mihi
482 2411 557 2439 sua
583 2398 690 2439 colla
708 2397 917 2447 curvavit,
939 2412 1033 2439 mea
1052 2397 1093 2438 in
1115 2396 1187 2438 illo
1208 2397 1326 2454 plura
1346 2410 1546 2454 repono
1570 2409 1726 2438 nomen

359 2467 438 2510 sibi
461 2475 581 2525 tuum
603 2468 790 2510 vindicat
806 2501 817 2517 ,
840 2477 882 2511 et
899 2482 1041 2510 meum
1060 2466 1245 2510 munus?
1316 2463 1318 2465 ’

421 2536 531 2580 XLI.
568 2537 660 2580 Non
683 2547 746 2581 est
777 2554 876 2596 ergo
904 2537 1084 2590 Christi,
1112 2538 1192 2581 nisi
1218 2538 1289 2596 qui
1314 2546 1378 2582 est
1411 2537 1570 2581 alienus
1593 2552 1614 2579 a
1640 2537 1726 2580 cri-

411 2636 420 2650 ¹
442 2627 624 2669 Mauh.1v,
641 2640 672 2672 9.
697 2637 739 2654 ·-·-
757 2639 770 2655 ³
788 2629 840 2663 Id.
855 2641 914 2671 vu,
935 2640 987 2665 21.
