1800 3236
352 293 437 338 360
895 307 928 335 s,
968 305 1162 335 annnosu

346 387 514 432 lubrico
536 392 691 437 ‘tamen
717 388 919 444 deceptus
942 400 1085 428 amore
1110 383 1368 436 meretricis,
1390 391 1437 428 et*
1454 383 1713 428 semitas'in-

347 454 620 503 continentiae
653 457 848 514 juvenilis
888 457 1098 515 ingressus
1121 488 1133 506 ‚
1171 449 1423 514 impressum
1460 457 1591 499 semel
1613 471 1712 500 «non

342 525 470 589 queat
487 520 685 572 revbcare
702 527 935 585 vestigium.
964 527 1116 570 Multos
1136 527 1250 569 enim
1270 525 1366 569 vitia
1390 525 1612 570 blandiora
1635 529 1713 571 de-

347 601 533 660 cipiunt,
563 607 605 642 et
628 596 993 641 contraave'rtit‘a
1017 613 1061 640 se
1081 598 1287 656 plurimos
1310 597 1439 640 tristis
1469 606 1513 641 et
1531 597 1713 642 nimium

346 685 491 714 severa
515 669 755 712 crudelitas.
793 668 879 712 Sed
904 669 1189 727 juventusad
1209 683 1401 715 >amorem
1434 669 1635 720 liberior,
1660 672 1715 714 ad

345 739 512 800 lapsum
534 740 745 783 incautior
759 773 771 790 ,
793 741 846 782 ad
868 739 1159 783 infirmitatem
1175 740 1384 799 fragilior,
1407 741 1716 787 adcorrectio-

346 827 446 856 nem
469 812 615 855 durior
635 819 713 854 est.
731 808 859 854 'Alius
876 826 921 853 se
942 810 1156 869 restringit
1173 826 1195 853 a
1216 809 1381 855 luxuria
1403 828 1414 855 τ
1438 815 1512 857 sed
1532 811 1714 863 avaritiae

348 882 582 941 cupiditate
607 880 1095 940 raptatursPlerumque
1123 882 1236 924 onim
1267 887 1439 940 peccata
1469 882 1716 941 hujusmodi

347 961 446 997 sunt
461 986 472 1002 ,
497 961 548 995 υἱ
570 953 602 995 si
623 954 802 995 alterum
822 951 1024 1002 declines,
1048 952 1240 995 incurras
1265 954 1473 997 alterum:
1496 962 1540 997 et
1554 962 1715 1000 naturae

345 1040 447 1067 usus
465 1023 636 1081 adjuvat
658 1023 963 1067 infirmitatem.
987 1024 1125 1067 Odisti
1140 1020 1351 1068 lux'uriam
1367 1022 1485 1083 quasi
1503 1025 1627 1084 frugi,
1643 1026 1718 1069 sed

345 1095 596 1154 frugalitatis
630 1096 769 1138 studio
804 1095 991 1138 habendi
1024 1096 1232 1154 cupiditas
1270 1096 1518 1155 frequenter
1553 1097 1711 1156 irrepit.

346 1168 544 1211 Avaritiae
564 1168 641 1226 ipsi
659 1168 806 1226 rapina
824 1176 887 1210 est
909 1164 1092 1210 subdita.
1113 1168 1166 1210 Et
1188 1176 1347 1225 quanto
1368 1169 1629 1212 tolerabilius
1655 1177 1720 1212 est

348 1239 518 1298 propria
546 1238 826 1296 profundere,
851 1253 979 1296 quam
1010 1238 1144 1281 aliena
1171 1239 1386 1298 diripere?
1405 1240 1514 1284 Sunt
1535 1241 1607 1298 qui
1629 1254 1721 1283 me-

350 1312 518 1353 tuentes
550 1309 709 1366 aliquid
739 1309 911 1367 proprio
946 1308 1140 1352 minuere
1171 1310 1224 1352 de
1252 1325 1414 1360 censu,
1444 1311 1574 1354 etiam
1604 1310 1721 1368 in’o'pi

350 1388 568 1438 sumptum
590 1374 770 1437 negent,
799 1388 843 1423 et
863 1379 1199 1422 misericordiam
1223 1381 1525 1424 detrimentum
1553 1385 1725 1441 putent.-

351 1451 461 1494 Sunt
477 1450 550 1507 qui
563 1452 815 1507 degenerem
834 1448 1012 1493 vitantes
1031 1451 1337 1508 ignobilitatem
1354 1451 1721 1499 ssabrosaecularis

352 1515 594 1565 ambitionis
615 1520 849 1578 agitentur,
874 1529 916 1563 et
937 1518 1047 1563 sicut
1067 1530 1272 1578 quassatae
1294 1519 1523 1566 arundines
1545 1518 1632 1566 hn'c
1656 1530 1723 1569 at—

353 1602 437 1651 que
457 1584 558 1635 illuc
587 1591 779 1634 serantur
798 1591 964 1634 incerti.
996 1589 1106 1635 Sunt
1132 1592 1260 1634 etiam
1287 1593 1359 1650 qui
1387 1595 1490 1636 dum
1510 1588 1722 1651 majorum

353 1679 529 1707 suorum
547 1671 702 1706 statum
720 1671 972 1720 sequuntur,
991 1663 1120 1706 veluti
1133 1663 1257 1721 digna
1274 1665 1599 1709 conversatione
1616 1679 1722 1708 con-

355 1725 490 1783 tenti,
513 1749 566 1775 ne
592 1747 757 1775 errores
778 1733 949 1790 quidem
973 1733 1130 1791 patrios
1152 1734 1393 1779 existiment
1422 1729 1719 1786 declinandos}

352 1812 402 1847 ut
421 1803 507 1846 fide
527 1805 776 1849 mutandam
799 1799 1020 1862 perfidiam
1040 1819 1126 1846 non
1144 1805 1405 1848 arbitrentur
1423 1821 1433 1848 :
1455 1820 1556 1850 cum*
1569 1806 1616 1850 in
1635 1821 1724 1849 me—

353 1875 435 1917 lius
465 1883 630 1916 mutare
664 1868 928 1933 propositum
958 1889 1044 1916 non
1074 1875 1248 1926 levitas,
1282 1877 1356 1919 sed
1387 1876 1549 1927 virtus;
1584 1891 1723 1934 neque

356 1947 496 2003 culpa,
512 1947 584 1988 sed
596 1946 728 2003 gratia
737 1946 803 1988 sit.
821 1945 938 1988 Alius
958 1946 1218 1989 circensibus
1233 1947 1344 1989 ludis
1357 1942 1427 1990 a'ut
1445 1942 1722 1992 theatralibus

358 2016 607 2059 sollicitatus
620 2017 923 2074 voluptatibus,
940 2025 1010 2059 aut
1023 2018 1184 2060 caeteris
1202 2019 1458 2062 vanitatibusv
1469 2028 1719 2078 occupatus,

355 2087 590 2129 Ecclesiam
612 2082 698 2129 non
727 2087 996 2144 frequentat:
1024 2089 1152 2131 alium
1180 2090 1289 2132 ruris
1315 2090 1459 2148 quieta
1483 2091 1720 2141 delectant,

357 2172 490 2215 eaque
508 2172 629 2201 causa
649 2160 702 2200 acl
713 2159 946 2202 Ecclesiam
959 2175 1078 2202 rarus
1094 2175 1290 2203 accessus
1305 2169 1382 2204 est.
1399 2161 1545 2219 Itaque
1556 2156 1721 2205 diverso

356 2244 436 2270 usu
467 2228 508 2270 in
534 2230 731 2271 eumdem
757 2230 1036 2273 indevotionis
1063 2246 1251 2273 errorem
1276 2227 1456 2290 uterque
1487 2232 1715 2277 concurrit.

356 2297 442 2341 Sed
463 2299 534 2356 qui
557 2298 727 2342 omnem
748 2299 858 2343 viam
880 2300 1110 2358 iniquitatis
1131 2300 1236 2351 odit,
1257 2301 1310 2344 ael
1329 2302 1522 2345 universa
1543 2302 1722 2361 corrigi-³

358 2378 429 2412 tur
460 2379 503 2412 et
528 2367 794 2414 emendatur.
826 2372 878 2413 Et
903 2372 1014 2414 bene
1039 2372 1202 2429 posuit,
1227 2390 1243 2412 α
1268 2372 1385 2416 Viam
1411 2373 1669 2431 iniquitatis-;
1693 2391 1711 2415 υ

355 2440 429 2483 ille
452 2441 567 2483 enim
592 2441 756 2485 facilius
787 2443 1052 2500 iniquitatem
1077 2443 1284 2494 declinat,
1313 2444 1384 2502 qui
1408 2446 1495 2488 vias
1521 2444 1613 2504 ejus
1635 2456 1720 2488 non

355 2509 484 2553 fuerit
505 2511 729 2568 ingressus.
