1800 3236
375 278 460 324 332
924 291 957 323 ε.
995 292 1186 324 Affinnosn

426 371 592 435 XXXI.
639 390 655 414 α
671 370 887 432 Sprevisti,
907 373 1059 432 inquit,
1079 389 1225 418 omnes
1244 374 1557 433 quidiseedunt
1576 374 1733 436 ajusti-

369 444 666 490 »ficationibus
690 446 791 495 tuis3
817 445 913 504 quia
936 445 1078 504 iniqua
1105 447 1303 504 cogitatio
1322 449 1514 493 eorum¹.
1537 467 1554 497 η
1581 449 1731 495 Omnis

372 517 579 576 superbus
609 516 853 560 immundus
877 524 940 559 est
961 516 1005 560 in
1030 526 1262 575 conspectu
1288 519 1484 576 Domini;
1518 519 1734 577 quiaxnon

371 596 511 647 potest
527 604 604 647 per
620 588 862 647 superbiam
879 604 999 642 suam
1015 591 1222 633 mundare
1233 599 1424 648 peccata,
1438 591 1515 649 qui
1526 592 1735 651 arroganti

372 659 522 718 spiritu
538 668 759 703 coacervat
781 675 984 703 errorem.
1011 660 1197 718 Ideoque
1218 661 1430 720 spernitur
1451 670 1576 719 atque
1595 661 1735 721 despir

373 730 483 773 citur
502 747 513 780 3
539 730 636 788 quia
657 730 874 789 despectui
896 731 1026 774 habet
1048 731 1188 773 divina
1209 732 1420 776 mandata.
1455 733 1747 777 Beneautem,

374 801 555 858 coelestis
575 809 765 844 servatur
785 800 1061 859 praerogativa
1083 802 1319 844 clementiae
1331 819 1349 851 ς,
1370 802 1469 860 quia
1492 804 1659 847 nullum
1674 818 1738 848 re-

372 860 510 930 pellit,
534 873 608 915 sed
631 872 889 930 quicumque
908 871 1122 914 noluerint
1140 880 1314 930 peccata
1333 873 1501 932 propria
1523 873 1734 924 confiteri,

373 941 455 1000 ipsi
467 943 692 986 discedunt
706 958 727 985 a
745 943 928 986 Domino
942 942 1030 984 Deo
1051 950 1209 986 nostro.
1226 942 1419 1001 Denique
1435 943 1506 987 ille
1525 944 1735 994 discessit,

373 1012 444 1070 qui
459 1028 636 1071 peregre
658 1013 889 1070 profectus,
912 1028 1039 1055 omne
1062 1014 1177 1070 quod
1198 1023 1420 1072 acceperat
1436 1029 1458 1057 a
1473 1014 1613 1064 Patre,
1638 1013 1739 1059 fidei

373 1092 417 1127 et
435 1083 577 1141 gratiae
600 1083 904 1142 patrimonium
927 1080 1152 1142 dissipavit.
1185 1084 1239 1127 Et
1261 1084 1359 1143 quia
1377 1100 1479 1130 eum
1501 1085 1750 1130 discessisse*

371 1155 591 1214 poenituit,
626 1163 769 1213 postea
792 1162 853 1198 est
875 1170 1088 1214 regressus
1111 1156 1163 1198 ad
1183 1164 1372 1214 patrem,
1398 1172 1529 1215 quem
1551 1157 1753 1215 relique—.

377 1234 440 1269 rat
461 1241 559 1269 cum
580 1236 806 1284 peccatum
829 1226 1047 1285 proprium
1067 1228 1199 1269 nollet
1223 1227 1430 1272 confiteri.
1451 1228 1545 1273 Non
1561 1244 1660 1287 ergo
1680 1229 1754 1272 inm

376 1297 551 1339 tervallo
570 1297 771 1348 ,locorum
797 1297 911 1340 Deus
941 1297 1211 1354 relinquitur,
1233 1300 1307 1341 sed
1325 1299 1742 1357 pravi-tatemorum,

376 1374 420 1409 et
441 1366 707 1410 deformitate
727 1374 957 1425 gestorum.
985 1367 1175 1412 Discedit
1198 1383 1220 1411 a
1243 1369 1446 1419 Domino,
1471 1370 1608 1427 qui-se
1623 1371 1746 1414 ⁴elon-

378 1444 449 1494 gat
479 1437 530 1478 ab
565 1452 634 1486 eo,
665 1438 1026 1494 quemadmodum
1063 1439 1204 1482 audita
1238 1439 1461 1497 praesentia
1491 1439 1588 1490 Dei,
1608 1438 1753 1486 A-‹lam

376 1508 509 1551 latere
540 1509 750 1566 cupiebat.
784 1509 870 1552 Sed
890 1509 1112 1552 discedens
1134 1526 1156 1552 a
1178 1511 1361 1554 Domino
1383 1511 1563 1555 salutem
1585 1511 1747 1555 hahere

377 1592 464 1620 non
494 1586 686 1637 poterat3
721 1579 922 1636 quoniam
945 1580 1153 1638 scriptum
1175 1589 1238 1624 est
1258 1597 1267 1623 :
1285 1599 1301 1621 ιι
1319 1582 1432 1625 Ecce
1452 1582 1526 1640 qui
1546 1583 1751 1641 elon-gant

377 1663 422 1691 se
446 1649 518 1691 abs
540 1657 598 1699 te,
621 1649 858 1707 peribunt².
880 1670 895 1690 υ
910 1651 1205 1709 Unusquisque
1226 1652 1353 1710 igitur
1374 1652 1458 1695 suis
1480 1652 1629 1696 studiis
1654 1666 1751 1695 sese·

379 1728 452 1762 aut
466 1719 603 1778 jungit
624 1729 697 1763 aut
718 1728 896 1782 separat,
924 1722 1116 1779 Denique
1138 1738 1265 1780 quam
1287 1725 1512 1782 plerosque
1532 1737 1613 1766 nec
1633 1724 1749 1766 loco-

376 1806 471 1834 rum
498 1791 714 1835 intervalla
748 1801 996 1841 secernant,
1028 1795 1096 1839 vel
1123 1793 1301 1837 finitima
1330 1803 1374 1838 et
1395 1795 1539 1838 vicina<
1561 1798 1749 1838 conne‘e‘

378 1870 485 1911 tant,
519 1862 674 1905 indicio
706 1871 770 1906 est
798 1863 895 1921 quia
926 1872 1024 1906 sunt
1060 1865 1251 1922 plerique
1281 1866 1324 1908 in
1359 1881 1540 1924 corpore
1567 1866 1651 1916 siti,
1675 1865 1749 1923 qui

379 1933 704 1992 peregrinantur
721 1950 742 1977 a
760 1950 955 1993 corpore,
975 1944 1017 1978 et
1033 1937 1186 1979 adsunt
1201 1937 1315 1986 Deo;
1338 1946 1386 1980 ut
1406 1937 1476 1980 ille
1492 1937 1564 1994 qui
1587 1937 1748 1980 dicenti

378 2003 492 2046 Deo:
510 2022 527 2041 α
540 2004 678 2056 Quem
694 2004 913 2047 mittami'n
927 1997 1165 2065 respondit:
1183 2007 1319 2049 «Ecce
1334 2022 1428 2065 ego,
1448 2006 1568 2049 mitte
1586 2021 1654 2049 me
1669 2005 1702 2050 ³.
1718 2024 1737 2047 n

377 2074 518 2119 Audet
538 2084 581 2118 et
600 2076 755 2119 Paulus
773 2078 916 2120 adesse
932 2077 1038 2127 Deo,
1059 2078 1156 2135 quia
1178 2078 1283 2121 nihil
1301 2079 1343 2120 in
1364 2093 1408 2121 se
1429 2086 1584 2136 praeter
1605 2075 1746 2120 carnis

379 2145 600 2189 materiam
626 2146 796 2191 videbat
826 2162 916 2190 esse
938 2162 1203 2205 corporeum.
1233 2148 1371 2191 Exivit
1401 2156 1444 2190 et
1466 2146 1571 2190 Ca'in
1595 2161 1618 2188 a
1639 2146 1748 2190 facie

381 2215 475 2265 Dei,
490 2224 712 2274 postquam
726 2217 953 2260 commisso
963 2217 1206 2276 parricidio,
1225 2218 1454 2276 gerendam
1469 2222 1747 2276 peccatorum

383 2300 558 2328 suorum
574 2287 868 2345 poenitentiam
886 2303 970 2331 non
985 2288 1163 2346 putavit.

439 2357 623 2414 XXXII.
660 2359 791 2403 Recte
804 2367 945 2403 autem
962 2359 1041 2402 ait:
1059 2376 1075 2398 «
1086 2359 1153 2402 Ad
1169 2358 1347 2401 nihilum
1367 2358 1575 2403 deduxisti
1591 2352 1753 2418 p'rmva-

379 2445 395 2467 ιι
408 2427 620 2471 ricatores.
638 2447 653 2468 »
667 2429 700 2473 N
707 2444 762 2471 on
777 2438 1021 2487 peccatores
1038 2429 1157 2478 dixit,
1179 2431 1252 2472 sed
1264 2430 1621 2487 praevaricatores.
1642 2430 1750 2474 Nam

383 2510 476 2553 quae
498 2497 619 2539 nobis
642 2513 735 2556 spes
758 2498 882 2549 soret,
913 2496 1082 2556 quando
1104 2514 1252 2542 omnes
1271 2501 1349 2542 sub
1372 2509 1549 2558 peccato
1569 2499 1748 2543 sumus?

385 2565 523 2609 Etiam
543 2567 649 2611 illud
669 2569 847 2627 pulchre
864 2585 874 2612 :
891 2588 907 2610 «
925 2569 1084 2613 Omnes
1103 2571 1155 2612 ad
1173 2570 1352 2613 nihilum
1370 2570 1578 2614 deduxisti
1594 2574 1749 2631 prae‘va-

429 2667 439 2683 ¹
460 2658 542 2695 Psal.
574 2670 697 2705 cxvux,
721 2663 791 2702 ιι8.
817 2681 858 2710 -;
888 2671 903 2689 ⁸
935 2663 990 2698 ld.
1016 2673 1122 2704 xxvii,
1150 2674 1206 2708 7²·
1229 2680 1268 2689 —
1291 2664 1305 2691 3
1330 2662 1466 2705 Isai.v1,
1486 2662 1521 2699 8.
