1800 3236
383 319 464 370 140
655 330 659 334 ’
931 332 961 359 s.
1002 331 1194 360 Amnuosu

378 410 547 456 fidelem
565 425 688 454 suum
704 411 886 470 probare
907 412 1094 469 potuerit
1115 411 1329 456 affectum.
1357 412 1483 456 Fides
1501 429 1602 473 ergo
1612 446 1631 477 ,Ι
1648 430 1744 474 pro.-

380 482 488 526 bitas
505 515 517 532 ‚
544 482 794 542 innocentie
815 496 1052 526 memorem
1083 482 1281 541 probant.
1318 482 1615 540 Quodautem
1649 485 1705 528 ait
1727 500 1743 537 ,ι

392 570 407 591 ι(
429 553 591 595 Memor
613 551 671 594 sui
690 551 871 595 nominis
900 552 984 602 tui,
1008 571 1024 593 »
1050 554 1174 611 plena
1197 553 1473 607 devotioest3
1497 555 1596 613 quia
1618 571 1747 600 nemo

381 623 485 666 dicit
501 623 732 666 Dominum
751 622 918 673 Jesum,
944 622 1024 666 nisi
1047 622 1090 665 in
1111 622 1271 681 Spiritu
1292 630 1452 668 sa'ncto.
1476 625 1567 669 Hoc
1589 641 1747 669 nomen

384 693 605 736 invocetur
642 693 791 736 diebus
814 708 861 736 ac
897 693 1113 744 noctibus,
1150 694 1318 737 nullum
1345 702 1524 754 *tempus
1544 696 1748 754 precandi
1779 696 1791 703 ⁵

383 778 565 806 vacuum
588 763 698 807 sinat
717 771 859 821 sancta
877 764 1045 807 devotio
1066 760 1295 822 praeterire.

444 833 608 877 XXXI.
647 832 692 876 Si
719 835 936 877 studentes
966 834 1094 892 igitur
1122 828 1329 877 >doctrinis
1356 835 1629 898 saecularibus
1650 850 1751 894 per-

384 920 535 963 parum
553 919 702 947 somno
723 904 946 963 indulgent
958 922 970 955 ;
994 913 1154 962 quanto
1171 905 1304 964 magis
1326 905 1399 963 qui
1416 906 1556 948 Deum
1574 905 1753 966 cupiunt

387 990 676 1034 cognoscere,
710 990 797 1018 non
831 975 990 1019 debent
1020 990 1169 1018 somno
1201 975 1390 1034 corporis
1419 975 1640 1035 impediri,
1671 974 1753 1018 nisi

387 1053 595 1103 quantum
617 1053 780 1088 naturae
803 1046 901 1089 satis
923 1045 1015 1104 est?
1036 1045 1172 1088 David
1194 1061 1270 1104 per
1294 1046 1476 1104 singulas
1498 1054 1644 1090 noctes
1662 1046 1753 1088 lec-

388 1126 478 1160 tum
503 1133 625 1159 suum
653 1117 852 1176 lacrymis
881 1117 1068 1160 diluebat
1090 1132 1099 1159 ι
1126 1117 1326 1175 surgebat
1346 1117 1474 1160 etiam
1496 1117 1633 1160 noctis
1663 1133 1755 1176 me-

389 1188 457 1230 dio
474 1220 485 1237 ,
512 1196 558 1230 ut
578 1188 762 1231 Domino
787 1187 1066 1230 confiteretur
1089 1203 1099 1230 ε
1127 1197 1170 1231 ct
1194 1196 1240 1231 tu
1268 1196 1401 1231 totam
1425 1196 1596 1231 noctem
1613 1187 1756 1246 sopori

389 1257 599 1301 existimas
632 1257 952 1316 deputandam?
972 1258 1093 1301 Tunc
1122 1258 1255 1317 magis
1277 1258 1358 1317 tibi
1375 1259 1560 1301 orandus
1583 1265 1647 1300 est
1668 1258 1757 1300 Do-

388 1329 550 1378 minus,
576 1336 678 1371 tunc
697 1329 889 1388 praesidia
911 1330 1180 1387 postulanda,
1206 1331 1331 1388 culpa
1355 1329 1560 1380 cavenda,
1586 1329 1756 1386 quando

389 1401 556 1444 videtur
581 1400 729 1443 haberi
766 1408 979 1444 secretum
1001 1416 1011 1443 ε
1037 1409 1140 1444 tunc
1166 1401 1349 1444 maxime
1371 1389 1543 1459 quando
1569 1399 1757 1443 tenebrae

389 1472 431 1514 in
462 1471 643 1514 circuitu
660 1486 756 1514 meo
771 1504 782 1521 ‚
808 1479 850 1513 et
871 1471 1052 1530 parietes
1068 1487 1137 1514 me
1158 1472 1372 1530 operiunt,
1398 1471 1758 1515 considerandum

390 1542 486 1599 quia
502 1542 709 1585 Dominus
729 1541 868 1584 omnia
890 1542 1081 1585 intuetur
1098 1542 1356 1585 abscondita.
1380 1542 1442 1586 Ne
1459 1541 1613 1585 dixeris
1629 1555 1753 1598 ergo:

393 1613 684 1656 Circumsusu's
715 1628 809 1656 sum
838 1613 1052 1664 tenebris,
1080 1613 1171 1670 quis
1198 1629 1267 1656 me
1289 1612 1434 1656 videt?
1463 1612 1516 1655 Et
1536 1627 1664 1671 quem
1693 1626 1758 1654 ve-

389 1698 487 1726 reor
522 1691 664 1742 septus
702 1682 932 1741 parietibus
970 1692 1013 1726 et
1048 1682 1267 1726 inclusus?
1298 1683 1408 1736 Quia
1444 1700 1460 1722 α
1481 1681 1634 1725 Vultus
1675 1681 1758 1725 Do-

392 1753 526 1796 »mini
553 1768 680 1811 super
710 1752 910 1796 facientes
936 1753 1093 1796 mala'.
1121 1772 1137 1792 n
1170 1753 1334 1796 Deinde
1364 1752 1399 1795 si
1430 1752 1636 1795 arbitrum
1672 1766 1758 1794 non

391 1822 507 1865 vides
521 1855 531 1873 ,
553 1831 592 1866 te
614 1822 753 1882 ipsum
773 1839 859 1867 non
881 1823 1028 1866 vides?
1049 1824 1150 1867 Tuae
1173 1822 1445 1867 eonscientiae
1466 1821 1759 1866 testimonium

391 1908 477 1936 non
508 1893 700 1937 vereris?
733 1893 876 1937 Nescis
903 1894 1017 1937 illam
1049 1894 1272 1952 caliginem
1299 1894 1436 1937 noctis
1471 1908 1558 1936 non
1586 1901 1759 1952 operto-

393 1964 502 2006 rium
519 1996 529 2013 ,
555 1964 628 2006 sed
650 1963 910 2007 incentivum
936 1980 1026 2007 esse
1057 1964 1255 2023 peccati?
1284 1964 1392 2008 Cum
1424 1979 1574 2007 somno
1596 1971 1639 2007 et
1661 1963 1759 2007 cibo

393 2035 557 2078 servent
573 2051 748 2093 corpora
766 2068 776 2084 ‚
802 2044 903 2078 tunc
925 2036 1053 2078 etiam
1076 2036 1195 2094 vigor
1217 2036 1370 2079 mentis
1387 2051 1541 2094 sopore
1566 2037 1758 2085 laxatur,

395 2122 544 2149 somno
568 2107 790 2150 resolvitur
816 2122 825 2149 :
853 2116 956 2150 tunc
974 2107 1121 2165 irrepit
1143 2107 1298 2164 impuri
1319 2107 1451 2149 libido
1469 2107 1756 2166 concubitus:

394 2185 499 2224 tuce
520 2177 796 2235 perturbatur
817 2192 892 2220 cor
906 2210 918 2227 ,
951 2179 1136 2235 squallor
1155 2177 1435 2220 immunditiae
1456 2193 1542 2220 non
1564 2177 1757 2227 videtur,

399 2247 600 2290 castitatis
632 2248 791 2306 puritas
826 2263 912 2291 non
940 2249 1256 2298 consideratur,
1284 2248 1498 2307 pudicitiae
1520 2248 1652 2307 gloria
1674 2263 1759 2290 non

396 2327 654 2362 recensetur.
678 2318 769 2362 Nox
791 2328 880 2362 erat
903 2321 1072 2377 quando
1093 2318 1224 2362 Judas
1250 2319 1459 2378 prodidit,
1487 2320 1657 2377 quando
1679 2315 1758 2362 Pe-

397 2398 486 2432 trus
503 2388 683 2447 negavit.

454 2459 638 2503 XXXII.
678 2460 753 2503 Illo
789 2460 917 2519 igitur·
951 2461 1164 2520 praecipue
1207 2470 1400 2519 tempore
1440 2459 1760 2519 justificatione-s

395 2530 472 2576 Dei
491 2531 630 2573 animo
648 2533 894 2576 retexendae'
909 2540 1023 2582 sunt,
1042 2534 1269 2591 relegenda
1291 2533 1488 2575 mandata
1509 2529 1755 2578 hortatoria.

393 2600 468 2644 Ina
493 2600 544 2643 de
573 2600 765 2644 castitate
785 2610 995 2663 praecepta
1020 2618 1105 2647 non
1126 2603 1290 2650 absint:
1314 2603 1380 2649 his
1407 2608 1615 2665 occupata
1640 2614 1761 2651 mens

446 2698 455 2717 ⁸
473 2691 557 2731 Psal.
572 2703 687 2734 xum,
711 2704 762 2743 ις.
