1800 3236
396 280 482 332 448
947 288 978 317 S.
1018 285 1210 317 ,tamnesu

398 373 631 420 concubitu
663 368 973 415 miscerentur¹
1001 386 1011 411 :
1037 385 1084 413 ac
1109 383 1195 412 non
1224 383 1274 412 eo
1301 368 1415 427 quod
1437 383 1513 428 per
1538 367 1631 413 illos
1653 383 1759 413 con-
1784 368 1787 371 ’

390 447 567 491 'cubitus
587 443 916 503 alienigenarum
934 441 1168 486 desciscere
1191 456 1213 483 a
1230 440 1336 491 fide,
1355 456 1509 500 negare
1525 441 1759 485 Dominum

403 516 686 579 cogerentur?
1291 568 1296 571 .
1632 522 1633 525 ’

455 590 609 635 XLIX.
658 606 674 627 «
697 586 837 631 Nolite
854 619 864 636 ‚
885 585 1043 644 inquit,
1062 585 1178 634 omni
1203 584 1367 643 spiritui
1392 583 1593 628 credere²
1620 600 1630 627 :
1650 603 1667 625 »
1688 585 1763 628 sed

402 678 422 705 a
453 660 662 704 fructibus
688 672 835 701 eorum
868 657 1133 715 cognoscite,
1168 656 1320 714 quibus
1348 657 1522 699 credere
1554 655 1756 699 debeatis.

406 732 527 777 Venit
545 730 636 788 quis
653 729 695 772 in
718 728 967 778 Ecclesiam,
992 729 1094 770 dum
1116 727 1324 770 honorem
1341 725 1508 770 affectat
1531 726 1609 769 sub
1626 725 1765 784 impe-

401 801 612 845 ratoribus
635 798 872 843 christianis
894 832 904 848 ‚
929 798 1127 841 simulato
1152 806 1272 841 metu
1299 796 1533 839 orationem
1566 811 1611 839 se
1644 794 1782 855 fingit*

403 872 600 916 deferre:
628 869 870 919 inclinatur,
908 877 952 911 et
981 870 1070 912 solo
1102 868 1320 916 sternitur,
1358 866 1430 924 qui
1455 881 1567 925 genu
1611 865 1766 910 mentis

405 960 491 987 non
511 942 675 986 ssexerit
702 940 795 998 (55)
817 957 826 981 ε
846 939 961 982 videt
976 940 1096 982 illum
1117 939 1269 989 homo,
1298 938 1584 981 Christianum
1606 946 1728 997 putat.
1751 953 1762 981 ε

403 1014 516 1059 videt
542 1013 670 1056 homo
692 1019 886 1054 orantem
902 1011 1164 1069 suppliciter,
1185 1019 1228 1053 et
1246 1009 1403 1059 credit;
1426 1010 1501 1052 sed
1516 1009 1630 1052 Deus
1651 1008 1771 1052 audit

406 1092 641 1144 negantem.
669 1081 859 1126 Discedit
883 1082 1087 1140 probatus
1113 1081 1163 1124 ab
1185 1080 1381 1131 homine,
1406 1081 1481 1123 sed
1503 1077 1772 1124 condemna·

406 1165 523 1199 tus‘a
544 1153 710 1197 «Iudice.
739 1152 910 1204 Quanto
942 1151 1201 1195 tolerabilius
1222 1151 1359 1195 suerat
1384 1150 1547 1194 homini
1569 1165 1768 1209 negasse,

404 1235 447 1270 ct
463 1228 553 1270 Deo
577 1241 668 1269 esse
692 1224 962 1267 consessum?
982 1224 1101 1267 Licet
1119 1224 1201 1267 hoc
1220 1239 1388 1282 quoque
1405 1221 1737 1282 reprehensibile
1755 1237 1769 1271 3

407 1299 591 1358 perfecta
625 1297 739 1340 enim
766 1295 974 1338 confessio
1003 1304 1046 1339 et
1076 1296 1204 1339 animi
1224 1295 1382 1354 -qucerit
1403 1294 1671 1338 devotionem
1690 1328 1709 1345 ,¹
1729 1300 1773 1337 et

406 1369 522 1413 vocis
539 1365 842 1426 professionem
863 1380 872 1407 ε
905 1383 920 1404 «
939 1365 1078 1408 Corde
1099 1366 1213 1408 enim
1237 1366 1424 1409 creditur
1446 1366 1498 1408 ad
1522 1364 1731 1423 justitiam
1759 1379 1769 1406 :

407 1458 424 1482 »
439 1455 512 1482 ore
533 1446 675 1481 autem
695 1435 902 1479 consessio
920 1435 968 1479 fit
987 1438 1038 1478 ad
1054 1436 1276 1480 salutem⁸.
1298 1456 1314 1477 n

467 1510 515 1554 L.
550 1499 662 1567 Ergo
688 1508 730 1550 in
761 1506 1128 1565 persecutionibus
1159 1508 1432 1552 interioribus
1458 1516 1547 1552 esto
1570 1506 1707 1550 fidelis
1729 1515 1773 1552 et

408 1582 549 1631 sortis;
584 1588 631 1631 ut
658 1587 701 1622 et
730 1578 817 1621 istis
847 1578 1085 1622 forensibus
1116 1579 1480 1638 persecutionibus
1507 1578 1765 1638 approberis.

409 1655 462 1698 Et
484 1654 526 1695 in
550 1650 707 1694 intimis
728 1649 1096 1707 persecutionibus
1112 1660 1211 1695 sunt
1231 1667 1365 1710 reges,
1397 1660 1440 1695 et
1459 1649 1671 1709 praesides,
1693 1658 1773 1694 ter-

407 1725 549 1769 ribiles
569 1721 734 1782 judices
757 1728 978 1779 potestate.
1005 1721 1134 1765 Dabis
1158 1725 1399 1782 exemplum
1419 1723 1461 1765 in
1483 1721 1654 1765 Domini
1682 1730 1772 1765 ten-

407 1796 566 1840 tatione
589 1807 715 1851 quam
738 1790 937 1849 pertulit:
964 1791 1251 1836 demonstrata
1279 1802 1378 1837 sunt
1401 1793 1439 1836 ei
1455 1792 1769 1852 omniaregna,

410 1876 452 1911 et
486 1866 648 1908 (lictum
676 1870 740 1904 est
764 1861 802 1904 ei
823 1875 833 1903 :
871 1878 887 1900 α
909 1861 1003 1905 Tibi
1027 1863 1137 1905 dabo
1165 1864 1255 1907 haec
1279 1864 1419 1907 omnia
1443 1897 1454 1914 ,
1484 1863 1517 1906 si
1543 1863 1771 1922 procidens

412 1957 428 1980 »
444 1934 683 1980 adoraveris
703 1948 773 1976 me
787 1930 818 1975 '⁸-
844 1950 860 1972 n
876 1930 1055 1975 Lectum
1076 1942 1118 1976 et
1141 1935 1238 1978 alibi
1263 1950 1272 1978 τ
1305 1953 1321 1975 «
1344 1935 1436 1979 Non
1453 1943 1773 1993 regnetpecca-

407 2028 423 2051 n
440 2018 529 2052 tum
548 2008 589 2050 in
611 2014 749 2050 vestro
768 2003 936 2046 mortali
954 2006 1177 2063 corpore⁵.
1207 2025 1222 2047 »
1251 2006 1378 2051 Vides
1405 2015 1502 2050 ante
1524 2022 1629 2065 quos
1651 2022 1771 2065 reges

412 2074 622 2128 statuaris,
638 2093 661 2119 o
673 2077 819 2123 homo,
836 2081 932 2116 ante
943 2090 1048 2132 quos
1065 2077 1264 2134 praesides
1281 2086 1573 2135 peccatorum,
1593 2076 1627 2120 si
1646 2070 1773 2136 eulpa

412 2150 594 2211 regnat?
616 2150 732 2201 Quot
760 2153 958 2205 peccata,
984 2156 1087 2204 quot
1111 2149 1233 2198 vitia,
1260 2157 1325 2193 tot
1343 2164 1475 2207 reges.
1503 2149 1557 2192 Et
1580 2157 1678 2192 ante
1692 2148 1770 2192 hos

413 2222 663 2269 adducimur
680 2252 689 2267 ,
721 2226 763 2260 et
787 2223 883 2259 ante
905 2214 982 2258 hos
1005 2226 1176 2280 stamus.
1209 2220 1376 2263 Habent
1398 2221 1531 2263 etiam‘
1545 2219 1611 2263 isti
1653 2235 1771 2279 reges

409 2293 597 2340 tribunal
635 2290 677 2333 in
702 2287 917 2332 mentibus
947 2288 1259 2345 plurimorum:
1284 2293 1357 2334 sed
1378 2291 1410 2335 si
1430 2291 1522 2349 quis
1552 2290 1767 2335 Christum

411 2370 613 2414 fateatur,
637 2360 776 2405 statim
793 2372 935 2415 regem
952 2358 1070 2402 illum
1086 2361 1185 2404 facit
1197 2378 1287 2405 esse
1303 2363 1514 2421 captivum
1527 2395 1538 2412 ,
1557 2361 1702 2419 dejicit
1717 2363 1770 2405 de

412 2438 516 2482 solio
542 2449 625 2478 succ
651 2431 818 2474 mentis.
851 2428 1077 2484 Quomodo
1100 2433 1211 2475 enim
1230 2433 1384 2491 poterit
1407 2433 1562 2476 diaboli
1586 2432 1770 2477 tribunal

409 2522 580 2553 manere
593 2521 659 2555 eo,
685 2505 753 2547 cui
772 2505 926 2551 Christi
946 2506 1132 2550 tribunal
1154 2503 1356 2562 assurgit?

453 2624 460 2639 ¹
480 2612 579 2646 Num.
595 2620 670 2646 xxv,
683 2620 713 2653 9.
732 2627 773 2635 --—
787 2620 799 2636 ¹
820 2621 831 2643 1
847 2611 1007 2650 Joan.1v,
1025 2619 1074 2642 ιι.
1090 2626 1130 2633 -
1146 2608 1160 2632 3
1178 2608 1271 2641 Rom.
1288 2618 1319 2647 x,
1337 2617 1386 2640 10.
1414 2625 1447 2632 -
1467 2609 1479 2637 4
1497 2606 1616 2642 Manli.
1631 2619 1676 2648 iv,
1690 2619 1766 2652 9.-

407 2673 421 2697 5
441 2669 596 2704 nomm,
618 2674 667 2697 ια.
