1800 3236
403 272 621 304 zxrosino
653 273 696 304 ιιι
726 273 915 305 rsnuuu
945 275 1086 306 cxvm.
1119 308 1124 312 ,
1333 261 1419 314 445

126 352 280 402 XLIII.
315 354 517 413 Sequitur
542 369 686 400 versus
709 353 881 412 quintus
904 369 915 396 :
954 373 971 392 ι
985 354 1103 398 Multi
1124 366 1423 415 persequentes

0 423 10 485 {t
65 444 86 471 ι
98 442 184 478 me,
196 435 239 471 et
249 426 500 471 tribulantes
512 442 581 470 me
598 442 608 469 :
628 441 649 469 a
667 425 916 469 testimoniis
932 426 1012 469 tuis
1029 442 1112 470 non
1129 427 1372 472 declinavi&
1396 448 1413 470 ι

67 498 162 543 Non
183 507 248 543 est
265 513 484 558 magnum,
509 498 543 540 si
559 506 662 541 tunc
684 512 705 539 a
726 496 805 539 Dei
827 497 1078 541 testimoniis
1102 514 1186 541 non
1208 499 1393 543 declines
1406 517 1419 550 ς

68 584 168 614 cum
187 578 230 614 te
253 571 393 613 nunus
420 561 582 627 aflligitg
596 569 738 611 nullus
759 569 1155 626 persequitur.Quis
1176 571 1289 615 enim
1312 570 1421 614 inor--

0 645 7 674 ἵ»
65 639 183 684 sense
203 641 283 684 sibi
300 654 613 700 ‘prosperorum
637 646 866 682 eventuum
896 641 1155 684 secundante
1185 635 1382 686 successu
1407 677 1421 694 ,

0 732 9 747 Ρ
66 709 188 755 fieret
209 710 426 770 ingratus?
441 709 547 763 Quis
564 709 717 752 divitiis
734 709 930 759 affluens,
947 709 1037 769 jugi
1053 712 1189 754 salute
1207 712 1422 764 robustus,

0 778 13 848 ξ
66 797 153 827 non
180 784 234 826 ad
259 782 337 826 Dei
359 782 538 841 gratiam
567 781 720 825 reserat
742 782 857 839 quod
878 780 956 824 sibi
985 782 1053 824 illa
1081 796 1282 826 concessa
1303 783 1386 826 siut
1405 783 1425 826 ἶ)

0 849 14 901 Ξῖ
65 853 262 912 Denique
283 850 383 897 cum
407 861 603 896 sanctum
629 852 713 896 Job
742 851 993 911 praedicaret
1011 852 1217 896 Dominus
1235 886 1247 903 ,
1270 853 1327 897 ait
1354 854 1424 897 ad·

0 902 10 985 ξ
68 924 276 968 vet-sarius
300 940 311 966 ε
340 942 358 964 ι
378 923 593 982 Numquid
613 923 740 982 gratis
762 923 862 967 colit
881 923 966 966 Job
989 924 1247 968 Dominum?
1275 926 1423 971 Nonne

0 997 18 1042 ξ’
70 1003 148 1041 »tu
180 996 343 1039 vallasti
377 996 474 1038 enin
488 995 558 1039 Ρ...
591 995 722 1045 Mitte
742 1010 917 1038 manum
945 1004 1060 1038 tuam
1092 996 1134 1038 in
1161 997 1302 1043 omnia
1330 1013 1424 1055 qnae

0 1044 16 1160 Ξ
57 1066 246 1123 λ»Ιιεὼθῂ
269 1066 304 1110 si
327 1082 413 1110 non
431 1067 474 1109 in
496 1066 646 1110 faciem
672 1075 714 1109 te
729 1066 944 1110 benedicit
959 1066 989 1109 ².
1013 1067 1161 1110 »Tunc
1185 1068 1311 1126 igitur
1332 1070 1426 1127 plus

11 1170 16 1186 2
69 1137 272 1197 probatus
300 1145 381 1188 est,
419 1139 608 1195 quando,
641 1137 801 1180 amissis
835 1137 986 1196 opibus
1004 1145 1048 1185 et
1068 1136 1183 1188 filiis,
1218 1138 1428 1182 aDomini

0 1155 20 1285 ἑ·
69 1210 189 1253 cultu
202 1216 246 1253 et
260 1208 393 1268 gratia
412 1224 497 1251 non
513 1208 699 1251 recessit.
727 1207 812 1251 Sed
828 1223 914 1251 non
930 1224 1041 1252 unus
1059 1217 1310 1267 persecutor
1330 1216 1392 1252 est
1411 1224 1423 1252 ε

2 1294 10 1314 ³
69 1281 228 1324 multos
248 1279 465 1336 ministros
481 1279 610 1322 habet
625 1296 639 1330 3
666 1280 743 1323 sed
762 1294 848 1322 non
871 1288 911 1323 te
930 1288 1118 1323 terreant
1136 1295 1147 1323 :
1184 1299 1201 1320 «
1222 1280 1302 1324 Per
1321 1281 1428 1324 mul-

10 1344 21 1387 s
71 1347 165 1395 ‘itas
193 1350 308 1394 enim
339 1350 662 1400 tribulationes,
690 1359 858 1410 oportet
880 1366 958 1394 nos
984 1351 1159 1394 introire
1180 1352 1223 1394 in
1249 1366 1428 1410 reguum

7 1450 11 1452 ψ
71 1420 219 1465 »Dei¹.
241 1439 258 1460 ι
272 1420 317 1463 Si
330 1421 476 1463 multa>
498 1421 816 1480 persecutiones
830 1453 842 1470 ,
865 1423 1010 1464 multae
1027 1423 1297 1480 probationes
1316 1455 1328 1472 ‚
1354 1422 1429 1466 ubi

13 1516 30 1553 3
70 1492 217 1535 multae
237 1505 423 1541 coronae,
446 1492 580 1534 multa
599 1491 831 1534 certamina
851 1506 862 1534 ε
888 1491 966 1534 tibi
986 1506 1086 1551 ergo
1106 1491 1292 1552 proficit,
1315 1491 1431 1550 quod

70 1563 198 1607 multi
227 1571 680 1622 persecutoressunm
710 1571 759 1606 ut
793 1563 904 1606 inter
936 1565 1089 1607 multas
1114 1564 1430 1622 persecutiones

71 1631 236 1677 facilius
252 1633 439 1676 invenias
458 1634 820 1691 quemadmodum
838 1634 1068 1677 coroneris.

131 1704 281 1750 XLIV.
305 1706 500 1749 *Utamur
538 1707 733 1765 exemplo
769 1704 1008 1749 Sebastiani
1042 1706 1263 1764 martyris,
1307 1706 1430 1765 cujus

73 1773 203 1819 hodie
219 1775 370 1819 natalis
386 1784 466 1820 est.
484 1776 564 1819 llic
576 1776 899 1819 Mediolanensis
919 1776 1123 1820 oriundus
1142 1784 1219 1819 est.
1238 1776 1432 1820 Fortasse

17 1852 27 1867 ²
76 1853 150 1907 aut
170 1844 260 1903 jam
288 1846 541 1890 discesserat
569 1857 844 1906 persecutor,
880 1855 951 1890 aut
978 1847 1117 1890 adbuc
1148 1863 1235 1890 non
1261 1856 1433 1891 venerat

1 1916 33 1971 4³}
75 1915 121 1959 in
137 1916 229 1960 baec
247 1917 460 1976 partium,
489 1926 563 1961 aut
580 1917 724 1960 mitior
743 1926 847 1960 erat.
869 1917 1064 1961 Advertit
1084 1917 1156 1961 hic
1178 1912 1251 1962 aut
1264 1918 1432 1962 nullum

75 2001 183 2037 esse,
216 1996 289 2030 aut
324 1996 469 2047 tepere
508 1997 738 2032 certamen.
778 1988 959 2032 Romam
993 1988 1210 2046 profectus
1239 1997 1325 2045 est,
1359 1988 1434 2031 ubi

74 2066 252 2118 propter
273 2057 373 2102 fidei
390 2059 580 2103 studium
601 2059 908 2119 persecutionis
930 2059 1083 2102 acerba
1102 2059 1321 2102 fervebant
1340 2073 1351 2101 ε
1374 2057 1435 2102 ibi

76 2145 224 2190 passus
244 2139 323 2180 est,
347 2130 430 2174 hoc
451 2139 532 2179 est,
556 2130 615 2174 ibi
631 2139 871 2174 coronatus.
899 2130 1045 2188 Itaque
1061 2130 1164 2179 illic,
1183 2146 1268 2188 quo
1283 2130 1436 2188 hospes

80 2200 272 2252 advenit,
297 2201 562 2245 domicilium
588 2200 915 2245 immortalitatis
945 2208 1162 2259 perpetuae
1182 2200 1429 2243 collocavit.

1 2287 30 2337 ξ
80 2271 125 2315 Si
149 2287 258 2316 unus
279 2280 528 2331 persecutor
547 2271 719 2323 suisset,
750 2279 976 2316 coronatus
1003 2271 1073 2315 bic
1103 2279 1268 2329 martyr
1288 2271 1436 2329 utique

79 2357 167 2406 non
186 2343 348 2387 fuisset.

139 2413 269 2458 XLV.
305 2413 391 2458 Sed
405 2415 521 2473 quod
540 2414 687 2474 pejus,
706 2430 791 2457 non
806 2413 851 2456 hi
867 2413 1005 2456 solum
1028 2420 1319 2471 persecutores
1339 2418 1439 2454 sunt

19 2491 40 2538 ‘j
82 2483 157 2543 qui
179 2484 390 2536 videntur,
419 2487 493 2529 sed
520 2485 648 2529 ctiam
677 2486 750 2543 qui
774 2500 859 2527 non
881 2484 1103 2532 videntum
1124 2493 1168 2527 et
1188 2484 1323 2526 multo
1345 2484 1440 2541 plu-

82 2570 150 2600 res
167 2557 486 2615 persecutores!
519 2555 639 2599 Sicut
666 2556 780 2598 enim
802 2571 911 2598 unus
936 2563 1182 2614 persecutor
1204 2569 1278 2597 rex
1297 2553 1442 2597 multis

133 2657 144 2674 ¹
167 2648 252 2683 Psal.
268 2660 392 2690 enm,
414 2649 484 2693 ¹⁵7·
500 2667 539 2675 -
556 2659 568 2674 ⁸
586 2648 665 2683 Job.
685 2659 714 2689 1‚>
730 2659 824 2692 9-11.
841 2667 880 2672 —
898 2649 912 2672 ³
936 2648 1011 2681 Act.
1031 2658 1098 2687 xxv,
1116 2658 1168 2680 τι.
