1800 3236
417 340 505 392 480
673 370 677 373 .
968 349 1002 378 s.
1040 347 1231 379 manosn

414 445 544 474 mune
571 426 831 474 consortium
862 434 949 477 est;
980 426 1075 486 quia
1106 443 1233 474 nemo
1263 427 1353 472 sine
1382 432 1593 489 peccato:
1627 419 1782 492 negare

416 501 524 551 hoc,
558 499 825 559 sacrilegium
853 506 916 542 est
926 514 939 548 ;
972 499 1084 543 solus
1113 498 1227 543 enim
1253 499 1367 544 Deus
1387 499 1477 544 sine
1498 510 1676 560 peccato
1698 494 1774 546 est.

419 572 621 618 Confiteri
647 573 730 625 hoc
749 572 840 615 Deo
853 604 865 621 ‚
897 570 1160 629 impunitatis
1183 571 1420 616 remedium
1441 581 1517 617 est.
1536 591 1552 613 ι
1570 563 1740 625 Erravi,
1753 593 1771 616 ι

417 645 555 703 inquit
571 659 580 687 :
600 644 673 687 sed
686 643 756 701 qui
767 641 937 691 erravit,
958 641 998 684 in
1017 641 1126 684 viam
1143 650 1282 701 potest
1296 643 1451 693 redire,
1471 643 1514 687 i'n
1530 644 1641 687 viam
1656 659 1783 689 revo-

418 717 504 760 cari
520 724 672 776 potest.
692 716 745 758 Et
761 714 939 773 pulchre
958 713 1119 772 addidit
1132 728 1173 756 2⁷«
1187 713 1307 758 Sicut
1323 715 1410 759 ovis
1427 730 1520 773 quae
1535 715 1718 775 perierat
1728 732 1740 767 ς
1755 733 1772 757 ι

417 803 503 832 non
519 788 635 831 enim
651 785 844 846 peritqui
864 785 1051 844 agnoscit
1068 800 1271 829 errorem.

474 858 674 903 XXVIII.
722 851 917 910 «Quaere,
934 855 1087 914 inquit,
1104 871 1271 900 servum
1284 865 1428 907 tuum;
1448 857 1650 916 quoniam
1666 873 1785 902 man-

417 947 433 970 »
448 930 543 972 data
564 937 636 972 tua
664 943 755 982 non,
777 942 871 970 sum
894 925 1092 970 oblitus¹.
1115 946 1130 967 n
1146 926 1252 971 Veni
1279 943 1402 987 ergo,
1432 928 1615 988 Domine
1647 920 1750 973 Jesu
1770 944 1780 972 τ

417 1014 559 1058 quaere
569 1014 735 1042 servum
747 1007 886 1048 tuum,
902 1013 1042 1056 quaere
1054 999 1203 1040 lassam
1216 1012 1337 1042 ovem
1351 1006 1466 1042 tuam
1485 1015 1495 1041 ε
1517 1000 1610 1043 veni
1621 1009 1764 1059 pastor
1776 1034 1787 1051 ,

418 1084 559 1127 quaere
573 1069 682 1112 sicut
695 1084 794 1112 oves
807 1068 833 1112 J
837 1068 982 1127 oseph.
1004 1068 1169 1111 Erravit
1183 1069 1270 1111 ovis
1293 1077 1383 1119 tua,
1408 1069 1509 1114 dum
1525 1078 1573 1113 tu
1589 1069 1784 1120 moraris,

419 1139 521 1183 dum
553 1148 601 1182 tu
630 1139 807 1183 versaris
832 1139 875 1182 in
900 1139 1131 1182 montibus.
1174 1139 1350 1182 Dimitte
1378 1139 1787 1199 nonaginta-novem

419 1227 516 1255 oves
545 1220 662 1261 tuas,
694 1219 737 1255 et
760 1210 857 1255 veni
888 1226 1016 1254 unam
1047 1225 1238 1269 quaerere
1259 1226 1353 1270 quae
1375 1212 1541 1255 erravit.
1569 1211 1676 1256 Veni
1698 1211 1789 1255 sine

419 1282 597 1325 canibus
612 1314 623 1332 ‚
649 1281 746 1325 veni
772 1281 861 1324 sine
883 1280 1004 1324 malis
1025 1281 1227 1340 operariis
1241 1315 1252 1331 ,
1277 1282 1373 1325 veni
1395 1282 1485 1326 sine
1503 1282 1785 1333 mercenario,

418 1352 489 1411 qui
522 1368 598 1411 per
623 1351 796 1410 januam
820 1351 995 1395 introire
1017 1367 1102 1394 non
1124 1352 1301 1396 noverit.
1330 1352 1436 1397 Veni
1459 1353 1548 1397 sine
1571 1353 1785 1412 adjutore,

419 1423 509 1465 sine
538 1422 714 1465 nuntio:
741 1421 994 1479 jamdudum
1015 1430 1058 1465 te
1079 1431 1256 1480 expecto
1286 1430 1525 1467 venturum.
1555 1422 1653 1466 Scio
1675 1422 1790 1467 enim

418 1501 666 1543 venturum;
683 1493 924 1546 «Quoniam
945 1493 1142 1536 mandata
1162 1501 1232 1536 tua
1249 1508 1334 1550 non
1352 1509 1446 1537 sum
1464 1493 1634 1537 oblitus.
1651 1511 1667 1534 n
1679 1492 1789 1538 Veni

417 1580 503 1609 non
527 1579 626 1608 cum
645 1564 776 1623 virga,
797 1565 872 1607 sed
892 1578 991 1607 cum
1010 1563 1234 1614 charitate,
1256 1564 1514 1624 spiritusque
1534 1573 1787 1609 mansuetu-

418 1636 528 1680 dine.
1787 1630 1794 1637 ⁴

474 1708 638 1753 XXIX.
675 1706 769 1751 Noli
784 1707 978 1751 dubitare
988 1702 1228 1766 relinquere
1245 1707 1288 1750 in
1305 1706 1523 1751 montibus
1539 1707 1786 1767 nonaginta·

415 1791 567 1821 novem
585 1793 682 1821 oves
705 1786 818 1827 tuas;
833 1778 929 1835 quia
948 1778 990 1820 in
1007 1779 1223 1822 montibus
1241 1779 1492 1822 constitutas
1505 1778 1594 1837 lupi
1610 1792 1785 1837 rapaces

416 1848 632 1893 incursare
654 1864 740 1892 non
760 1835 947 1907 possunt.
971 1849 1019 1891 ln
1039 1849 1235 1906 paradiso
1253 1851 1385 1893 semel
1410 1849 1558 1893 nocuit
1577 1863 1750 1908 serpens
1770 1862 1781 1892 ε

418 1918 556 1962 amisit
578 1918 635 1961 ibi
657 1933 816 1967 escam,
841 1927 1064 1977 postquam
1086 1918 1223 1962 Adam
1240 1919 1340 1962 inde
1361 1920 1559 1980 depulsus
1579 1927 1670 1962 est:
1696 1918 1783 1962 illic

416 1990 502 2047 jam
525 1987 679 2032 nocere
700 2004 786 2032 non
805 1989 974 2048 poterit.
1002 1989 1070 2033 Ad
1089 2005 1158 2033 me
1183 1989 1293 2040 veni,
1316 2005 1442 2048 quem
1464 1991 1664 2050 luporum
1685 2004 1783 2048 gra-

414 2058 530 2102 vium
549 2067 669 2102 vexat
691 2059 900 2102 incursus.
927 2059 994 2102 Ad
1014 2074 1085 2103 me
1105 2060 1215 2111 veni,
1237 2076 1364 2119 quem
1386 2061 1572 2119 ejectum
1589 2061 1641 2104 de
1657 2074 1783 2119 para-

417 2128 507 2172 diso
538 2130 743 2188 serpentis
771 2129 850 2173 diri
876 2130 1032 2173 ulceris
1053 2145 1214 2174 venena
1237 2139 1502 2190 pertentant3
1525 2130 1622 2190 quia
1644 2130 1781 2174 erravi

415 2215 437 2242 a
454 2200 648 2259 gregibus
666 2199 748 2243 tuis
768 2199 847 2243 illis
868 2197 1182 2258 superioribus:
1208 2216 1307 2244 nam
1324 2210 1367 2244 et
1387 2216 1456 2245 me
1473 2202 1634 2245 ibidem>
1650 2201 1781 2244 collo-

414 2285 607 2320 caveras,
657 2271 732 2314 sed
763 2270 815 2313 ab
853 2270 1032 2314 ovilibus
1067 2271 1150 2315 tuis
1181 2272 1306 2331 lupus
1341 2280 1576 2316 nocturnus
1610 2270 1771 2322 avertit.

416 2342 571 2394 Quaere
596 2356 666 2384 me
676 2358 688 2391 ;
722 2341 819 2399 quia
843 2356 921 2400 ego
946 2349 987 2384 te
1005 2342 1190 2399 requiro.
1220 2343 1375 2395 Quaere
1396 2358 1488 2393 me,
1524 2341 1664 2386 inveni
1683 2356 1770 2384 me.

412 2412 577 2470 suscipe
596 2427 680 2462 me,
714 2420 837 2470 porta
859 2426 942 2455 me.
977 2411 1100 2455 Potes
1123 2411 1313 2455 invenire
1335 2428 1461 2471 quem
1488 2421 1535 2456 tu
1561 2403 1772 2470 requiris:

413 2482 595 2540 dignaris
623 2482 859 2540 suscipere,
892 2495 1019 2539 quem
1049 2481 1286 2532 inveneris;
1316 2482 1535 2542 imponere
1566 2480 1771 2530 humeris,

410 2568 537 2611 quem
560 2553 805 2611 susceperis.
828 2553 920 2597 Non
942 2559 1005 2595 est
1026 2552 1103 2596 tibi
1124 2551 1242 2611 pium
1259 2568 1365 2597 onus
1379 2553 1547 2597 fastidio
1565 2568 1576 2596 z
1594 2568 1679 2596 non
1695 2551 1772 2595 tibi

412 2624 530 2667 oneri
557 2632 619 2667 est
642 2632 813 2668 vectura
843 2622 1027 2683 justitiae.
1054 2621 1162 2669 Veni
1183 2639 1300 2684 ergo,
1325 2620 1531 2677 Domine;
1568 2623 1665 2682 quia
1693 2621 1771 2667 etsi

462 2724 471 2740 ¹
491 2715 574 2750 Psal.
592 2725 709 2756 cnm,
729 2716 800 2760 176.
