1800 3236
393 289 478 334 336
943 297 974 331 S.
1014 297 1204 331 Amr-osu

389 402 406 424 1»
420 382 566 426 chium
586 389 730 430 tuum3
750 378 846 438 quia
870 378 1006 423 valida
1029 387 1093 422 est
1114 387 1163 421 ut
1182 393 1296 422 mors
1323 377 1522 431 charitas,
1543 376 1674 424 durus
1696 376 1730 424 si

392 473 409 495 n
424 461 497 497 cut
517 452 639 496 inferi
665 450 805 494 zelus¹
821 482 831 493 .
858 469 874 490 »
909 449 1042 509 Infige
1063 465 1163 508 ergo
1187 450 1344 508 pectori
1375 459 1447 493 tuo
1478 459 1520 494 et
1541 451 1659 494 cordi
1680 460 1754 495 tuo

392 524 475 568 hoc
496 524 760 582 signaculum
783 521 1006 571 crucifixi,
1031 521 1157 580 infige
1180 530 1221 564 et
1243 521 1417 564 brachio
1440 530 1534 572 tuo3
1560 531 1607 566 ut
1628 537 1756 582 opera

394 605 466 639 tua
493 604 669 655 peccato
695 602 862 638 mortua
890 594 985 636 sint.
1017 593 1130 637 Nihil
1147 593 1188 635 in
1211 593 1275 636 his
1296 593 1485 637 criminis
1505 595 1754 646 reviviscat,

395 667 501 710 nihil
522 666 677 708 erroris
699 673 903 724 resurgat.
929 664 1125 707 Fortasse
1150 664 1261 706 hanc
1288 664 1515 722 imaginem
1544 665 1652 708 clavi
1673 680 1759 709 non

396 739 533 780 solum
559 736 723 779 timoris
739 769 750 786 ,
777 737 851 778 sed
875 735 1002 778 etiam
1033 734 1249 777 charitatis
1270 734 1475 792 affigunt;
1500 736 1598 793 quia
1623 736 1759 780 valida

397 818 523 852 estut
545 824 659 852 mors
683 808 865 851 charitas
879 839 891 857 ‚
917 807 1049 849 durus
1071 806 1181 849 sicut
1198 806 1319 849 inferi
1337 809 1462 851 zelus.
1487 801 1580 852 Non
1596 816 1639 852 te
1660 823 1761 867 ergo

400 878 589 925 offendat
611 879 763 923 duritia
781 880 1018 927 clavorum;
1043 878 1141 935 quia
1157 886 1220 920 est
1237 878 1389 922 duritia
1413 879 1658 924 charitatis:
1682 895 1763 924 nec

398 951 560 996 validus
586 953 805 995 clavorum
826 949 964 1007 rigor;
991 948 1087 1006 quia
1111 948 1247 991 valida
1273 957 1335 993 cst
1351 949 1479 992 etiam
1506 949 1687 995 charitas
1706 950 1765 994 si-

402 1031 475 1066 cut
499 1037 625 1064 mors.
663 1019 856 1063 Charitas
875 1019 989 1062 enim
1012 1020 1180 1077 culpam
1203 1027 1246 1062 et
1266 1019 1408 1062 omnia
1427 1028 1601 1078 peccata
1620 1019 1767 1064 morti-

407 1092 508 1136 ficat
534 1107 544 1134 ι
574 1091 755 1145 charitas
781 1090 890 1133 sicut
916 1089 1063 1132 mortis
1091 1090 1199 1132 ictus
1222 1090 1439 1134 interimit.
1465 1091 1657 1149 Denique
1678 1104 1768 1134 mo-

403 1163 538 1206 rimur
577 1161 745 1220 flagitiis
796 1169 921 1219 atque
958 1168 1135 1220 peccato
1160 1193 1171 1210 ‚
1218 1161 1319 1203 dum
1353 1160 1524 1204 Domini
1568 1162 1767 1204 mandata

401 1233 624 1291 diligimus.
662 1231 852 1274 Charitas
883 1239 947 1273 est
985 1231 1114 1281 Deus,
1154 1229 1336 1274 charitas
1366 1231 1444 1274 Dei
1472 1231 1658 1276 Verbum
1674 1239 1765 1282 est,

404 1302 517 1360 quod
540 1311 603 1345 est
631 1301 840 1350 validum,
865 1309 907 1343 et
929 1300 1092 1343 acutius
1115 1301 1231 1343 omni
1251 1302 1391 1359 gladio
1410 1302 1678 1354 acutissimo,
1701 1317 1769 1346 us-

403 1387 486 1430 que
510 1371 562 1414 ad
585 1370 832 1414 divisionem
857 1370 1028 1428 quidem
1047 1371 1196 1413 animae
1214 1405 1223 1421 ,
1244 1387 1292 1415 ac
1317 1372 1486 1431 spiritus
1503 1407 1514 1424 ‚
1537 1377 1736 1431 artusque
1753 1406 1765 1424 ,

399 1452 442 1486 et
473 1442 620 1485 intima
653 1449 876 1500 penetrans
916 1443 1214 1485 medullarum.
1251 1443 1324 1486 Est
1362 1445 1494 1487 durus
1527 1459 1628 1503 engo
1650 1445 1766 1487 zelus

401 1512 616 1557 charitatis
631 1544 642 1562 ,
667 1511 842 1570 quinon
865 1512 988 1554 cedat
1011 1512 1152 1555 inferis
1171 1530 1183 1562 3
1208 1529 1306 1556 cum
1326 1528 1402 1573 pro
1424 1515 1503 1559 Dei
1522 1516 1615 1558 zelo
1634 1531 1768 1559 unus·—

400 1583 576 1641 quisque
605 1596 685 1625 nec
718 1581 801 1624 suis
831 1591 989 1640 parcat.
1020 1583 1093 1626 His
1125 1584 1252 1627 clavis
1276 1585 1495 1628 charitatis
1524 1584 1767 1644 configatur

401 1653 539 1696 anima
556 1661 698 1696 nostra
721 1660 763 1695 et
785 1668 883 1696 caro
912 1664 1079 1703 nostra,
1104 1663 1151 1696 ut
1168 1663 1210 1697 et
1226 1655 1315 1713 ipsa
1334 1655 1449 1699 dicat
1475 1673 1519 1698 :n
1537 1656 1648 1709 Quia
1671 1657 1767 1700 vul-

390 1732 576 1768 v»nerata
604 1723 808 1766 charitate
836 1739 914 1781 ego
945 1724 1084 1766 su1n².
1111 1743 1127 1764 »
1154 1725 1302 1793 Habet·
1322 1740 1422 1784 ergo
1451 1727 1619 1770 clavum
1642 1741 1766 1770 suum

402 1796 582 1839 charitas
605 1810 614 1837 :
636 1795 765 1838 habet
801 1795 988 1852 gladium
1007 1824 1009 1826 -
1030 1810 1173 1844 suum,
1212 1811 1295 1853 quo
1338 1797 1476 1840 anima
1498 1799 1760 1841 vulneratur.

403 1867 522 1912 Felix
537 1866 608 1924 qui
631 1866 713 1908 hoc
729 1865 867 1924 gladio
884 1866 1087 1909 meruerit
1105 1867 1328 1910 vulnerari.
1356 1868 1456 1910 Haec
1472 1876 1571 1911 sunt
1591 1869 1766 1912 vulnera

405 1954 498 1997 quae
515 1938 669 1981 osculis
691 1937 974 1996 praeferuntur
994 1953 1003 1980 τ
1042 1956 1058 1978 «
1074 1938 1244 1981 Utiliora
1266 1941 1440 1982 vulnera
1463 1939 1610 1991 amici,
1639 1954 1767 1998 quam

406 2009 671 2054 »voluntaria
692 2010 834 2052 oscula
856 2009 1014 2052 inimici
1028 2008 1056 2052 ³.
1084 2028 1100 2050 »

464 2081 555 2126 XL.
592 2081 665 2124 His
686 2097 761 2124 nos
782 2081 1026 2124 vulneribus
1049 2081 1296 2133 offeramus,
1326 2082 1480 2140 quibus
1505 2082 1766 2142 quicumque

405 2162 597 2197 mortuus
621 2152 774 2202 suerit,
802 2161 983 2195 mortem
1011 2160 1179 2211 gustare
1200 2169 1286 2196 non
1309 2154 1476 2212 poterit.
1511 2155 1624 2198 Talis
1651 2154 1765 2198 enim

406 2239 556 2268 eorum
575 2238 705 2273 mors,
733 2223 805 2280 qui
826 2223 1060 2266 Dominum
1087 2225 1395 2281 sequebantur,
1426 2226 1479 2268 de
1507 2226 1660 2284 quibus
1681 2225 1766 2269 dic-

404 2304 495 2340 tum
516 2302 579 2338 est
603 2311 613 2336 z
652 2311 669 2333 α
691 2293 798 2336 Sunt
824 2294 951 2352 aliqui
982 2295 1033 2337 dc
1054 2294 1142 2337 istis
1172 2296 1402 2339 astantibus
1424 2297 1497 2354 qui
1519 2312 1604 2340 non
1628 2305 1765 2355 gusta-

407 2367 545 2411 »bunt
568 2373 772 2414 mortem,
797 2358 930 2407 donec
953 2364 1122 2407 videant
1141 2365 1295 2409 Filium
1321 2366 1503 2411 hominis
1523 2365 1764 2412 venientem

407 2436 480 2481 »in
509 2451 638 2495 regno
661 2434 776 2478 su04.
804 2454 819 2476 υ
851 2435 998 2478 Merito
1020 2436 1167 2479 Petrus
1191 2452 1275 2479 non
1307 2437 1484 2481 timebat
1507 2438 1618 2482 hanc
1645 2453 1765 2482 mor-

390 2518 495 2553 'tem
510 2525 521 2559 ;
548 2522 634 2551 non
660 2506 836 2549 timebat
867 2506 980 2549 enim
1011 2505 1083 2563 qui
1106 2506 1298 2557 dicebat,
1326 2508 1423 2565 quia
1449 2508 1527 2551 etsi
1548 2516 1763 2568 oporteret

453 2622 463 2637 ¹
491 2610 590 2647 Cant.
616 2621 703 2651 vm,
730 2609 765 2646 6.
790 2627 830 2638 —
861 2619 875 2636 ⁸
908 2608 961 2644 Id.
984 2619 1020 2651 v,
1046 2608 1078 2643 8.
1099 2628 1139 2636 -
1158 2612 1171 2636 ³
1198 2609 1294 2645 l'rov.
1321 2621 1433 2654 xxvxi,
1461 2611 1494 2644 6.
1525 2629 1565 2638 —-
1595 2612 1607 2640 ⁴
1637 2611 1758 2648 Maub-

405 2678 477 2709 xvl,
503 2667 557 2701 28.
