1800 3236
366 343 449 395 164
787 362 794 366 =
907 354 940 382 s.
958 355 962 357 >
981 350 1172 382 amnaosn

359 444 403 479 et
430 442 628 492 sequatur
657 431 741 476 vias
771 430 928 474 Christi
957 447 966 472 z
997 430 1173 474 habebit
1194 429 1365 472 laudem
1386 429 1429 471 in
1452 427 1534 478 eis,
1565 426 1598 471 si
1622 442 1726 472 con·
1769 446 1774 449 ’

359 507 586 564 templatus
618 503 848 547 Dominum
870 501 1040 551 Jesum,
1068 509 1314 544 contemnat
1342 499 1479 557 carnis
1506 500 1698 543 ardorem
1715 533 1727 550 ,

357 578 657 633 flammamque
677 572 863 617 libidinis
884 572 1005 629 quasi
1028 573 1212 629 quodam
1235 571 1352 614 fonte
1371 571 1641 629 restringuat,
1664 573 1727 614 al-

356 650 459 692 lidat
481 656 646 690 teneras
666 652 709 688 et
730 642 920 686 infirmas
947 643 1199 701 cupiditates
1217 643 1269 684 ad
1285 650 1450 700 petram
1473 641 1643 684 Christi.

414 717 599 763 XXXV.
623 716 789 774 Cogitet
801 730 901 774 ergo
918 715 1122 772 primum,
1138 722 1187 756 ut
1204 715 1351 756 eadem
1366 722 1569 772 repetam,
1584 726 1727 771 quem-

357 790 588 832 admodum
605 786 761 838 videat‚
781 785 1145 843 quemadmodum
1161 785 1371 841 loquatur.
1397 783 1518 827 Bene
1529 783 1727 841 cogitavit

354 859 542 919 quidixit
562 875 571 901 ε
589 859 746 907 «Pone,
769 856 967 910 Domine,
988 855 1223 898 custodiam
1236 855 1304 897 ori
1319 853 1444 896 meo¹
1466 871 1478 904 ς
1499 870 1583 897 »ne
1600 855 1722 904 sorte,

356 932 458 973 dum
494 944 614 972 mens
647 926 882 970 inflammat
907 927 1126 975 ardorem,
1149 926 1291 984 lingua
1315 940 1511 968 sermone
1531 925 1723 976 labatur,

354 1009 426 1044 aut
449 998 718 1056 multiloquio
746 998 916 1041 incauto
938 997 1066 1039 etiam
1090 997 1203 1054 quod
1232 1002 1353 1039 mens
1382 1011 1468 1038 non
1493 995 1723 1054 cogitavit,

352 1072 543 1114 incurrat
571 1068 773 1127 loquendi
807 1068 1039 1111 facilitate:
1075 1066 1231 1124 cogitet
1258 1065 1620 1123 quemadmodum
1650 1081 1726 1124 pe-

354 1145 451 1185 dem
466 1157 589 1185 suum
600 1140 768 1198 dirigat,
787 1153 963 1182 manum
982 1136 1153 1186 ass'erat;
1175 1152 1228 1179 ne
1249 1137 1413 1195 impetu
1428 1136 1726 1199 indignationis

351 1213 589 1271 impulsus,
606 1226 705 1254 cum
729 1211 934 1267 repellere
956 1209 1112 1252 debeat
1138 1207 1339 1265 injuriam
1354 1240 1366 1257 ,
1387 1208 1476 1266 ip'se
1497 1207 1615 1251 alteri
1634 1207 1726 1266 jac—

350 1294 441 1327 tum
457 1282 653 1326 notabilis
671 1281 796 1324 caedis
819 1281 964 1325 illidat.
990 1279 1276 1337 Cogitandum
1301 1288 1365 1322 est
1386 1279 1514 1338 igitur
1536 1279 1639 1337 quid
1659 1295 1727 1338 gc*

350 1369 519 1404 ramus3
542 1352 616 1395 ubi
633 1352 746 1394 enim
765 1351 968 1410 praecedit
989 1350 1208 1408 cogitatio,
1228 1349 1450 1394 maturitas
1469 1349 1726 1408 operationis

353 1423 593 1466 adhibetur.
615 1423 763 1479 Itaque
784 1437 858 1480 pes
882 1421 959 1463 iste
983 1416 1083 1463 fidei
1100 1420 1322 1478 vestig-ium
1345 1429 1424 1471 est,
1447 1435 1574 1478 quem
1595 1419 1727 1463 medi-

350 1494 512 1538 tatione
541 1507 748 1552 perpensa
769 1525 781 1543 ,
812 1507 833 1535 a
858 1491 1148 1550 corporalibus
1171 1491 1359 1534 motibus
1398 1491 1453 1535 ad
1483 1490 1724 1534 testimonia

351 1564 490 1607 divina
513 1563 696 1606 deflexit.

411 1634 618 1678 XXXVI.
657 1634 774 1686 Quid
800 1632 929 1691 igitur
949 1632 1083 1690 prosit
1103 1633 1291 1691 cogitare
1312 1641 1424 1683 ante,
1444 1632 1559 1689 quod
1579 1639 1725 1690 postea

352 1704 547 1748 facturus
570 1704 640 1752 sis,
659 1705 786 1755 docet
801 1703 1033 1746 versiculus
1053 1702 1125 1759 qui
1149 1702 1339 1760 sequitur
1359 1719 1402 1743 τα
1418 1702 1592 1745 Paratus
1609 1718 1720 1752 sum,

348 1782 421 1817 »et
442 1790 528 1817 non
550 1789 644 1817 sum
665 1774 859 1817 turbatus
873 1806 884 1823 ,
908 1781 957 1815 ut
978 1772 1214 1816 custodiam
1236 1773 1434 1816 mandata
1457 1780 1529 1815 tua
1545 1771 1575 1816 ².
1598 1790 1615 1812 »
1637 1772 1719 1823 Ubi

348 1845 604 1905 cogitatione
620 1845 712 1902 quis
729 1844 936 1903 praevenit
952 1843 1068 1901 quod
1085 1852 1255 1886 acturus
1272 1852 1351 1894 est,
1370 1859 1537 1903 semper
1552 1852 1723 1903 paratus

350 1916 403 1957 ad
424 1916 644 1972 agendum,
664 1923 754 1964 est,
786 1929 954 1972 semper
984 1913 1092 1956 fixus
1119 1922 1163 1957 et
1186 1914 1349 1957 validus
1365 1931 1377 1964 ;
1405 1923 1454 1958 ut
1482 1930 1568 1958 non
1597 1922 1723 1973 queat

348 1985 486 2027 subita
510 1985 648 2042 aliqua
676 1984 961 2028 accidentium
988 1983 1222 2027 offensione
1257 1985 1431 2029 turbari.
1467 1978 1591 2030 Nulla
1621 2000 1721 2028 eum

351 2055 486 2097 ssabra
511 2056 743 2115 scopulosae
774 2054 898 2097 nimis
927 2054 1171 2098 ambitionis
1197 2056 1442 2106 excutiunt,
1477 2058 1594 2101 nulla
1619 2071 1721 2115 pro-2

350 2126 457 2168 cella
479 2133 604 2183 atque
626 2133 853 2183 tempestas
882 2124 1048 2181 injustae
1065 2124 1292 2169 invasionis
1314 2116 1516 2185 exagitat,
1545 2142 1631 2170 non
1652 2142 1721 2186 pe÷

349 2195 520 2238 tulantis
534 2196 682 2238 oculus
693 2194 929 2238 meretricis
943 2195 1144 2252 illaqueat
1156 2212 1167 2244 ;
1182 2197 1331 2239 oculus
1342 2196 1455 2239 enim
1467 2196 1719 2246 meretricis,

347 2267 522 2323 laqueus
546 2265 743 2308 amatoris
764 2273 838 2308 est.
863 2266 913 2308 In
937 2265 1073 2308 aliena
1093 2264 1222 2308 miser
1242 2265 1410 2324 capitur
1428 2266 1692 2326 possessione
1705 2299 1717 2316 ,

349 2336 419 2393 qui
446 2335 672 2394 improviso
702 2336 798 2395 igne
826 2344 1065 2394 praeventus
1101 2336 1411 2394 possessionem
1444 2352 1530 2380 suae
1565 2337 1721 2387 mentis

351 2405 502 2449 amisit.
526 2406 569 2448 Si
590 2406 830 2464 persecutio
852 2406 1024 2465 ingruit,
1049 2406 1208 2449 invenit
1222 2407 1310 2464 jam
1329 2416 1551 2466 paratum;
1578 2416 1627 2450 ut
1641 2407 1717 2450 ubi

349 2475 481 2533 possit
508 2491 599 2519 esse
628 2477 890 2535 perturbatio
922 2473 1070 2519 salutis
1099 2476 1299 2527 incertae,
1333 2477 1391 2520 ihi
1416 2486 1584 2537 sperata
1613 2476 1720 2520 sacri

351 2558 509 2587 corona
532 2546 773 2589 certaminis
797 2545 971 2605 provida
996 2545 1126 2588 futuri
1151 2546 1427 2590 meditatione
1458 2548 1714 2591 demulceat.

350 2613 396 2657 Si
427 2630 449 2657 a
476 2616 695 2661 maledicis
717 2616 1074 2661 obtrectatoribus
1099 2617 1342 2675 frequenter
1367 2618 1589 2664 obroditur
1605 2650 1617 2669 ,
1647 2632 1718 2661 co-

1363 2696 1383 2707 ,-

398 2714 408 2729 ¹
430 2695 513 2739 Psoi.
530 2717 604 2748 exn,
619 2709 651 2742 5.
666 2727 703 2735 -
724 2719 736 2735 ¹
759 2710 809 2743 ld.
824 2710 1000 2748 cxv111,60.
