1800 3236
293 303 382 357 '406
843 316 877 344 s.
915 314 1106 344 Anonosn

298 417 316 440 n
329 398 441 442 ων.
465 415 482 439 »
496 396 580 441 Sed
595 396 681 455 jam
702 395 1020 439 consideremus
1037 393 1140 452 quid
1160 393 1202 437 in
1225 393 1502 437 conclusione
1517 391 1657 437 dicen·-

293 471 396 514 dum
413 476 495 521 est,
511 476 553 512 et
572 467 687 511 unde
708 466 1013 525 incipiendum.

348 539 440 583 VII.
489 556 506 578 α
527 536 771 582 Exclamavi
796 537 849 598 *in
869 545 960 580 toto
978 537 1108 579 corde
1132 550 1229 579 meo
1248 568 1258 584 ,
1284 535 1439 578 exaudi
1459 550 1546 585 me,
1567 534 1657 578 Do-

293 611 437 655 »mine
458 625 467 652 τ
498 609 679 667 justitias
695 616 788 651 tuas
810 606 1076 665 exquiram²‚
1105 624 1121 647 »
1145 606 1254 649 Cum
1277 605 1572 664 impressiones
1587 619 1659 663 pa·

291 684 423 726 timur
452 681 715 739 corporales,
749 679 989 722 exclamare
1021 677 1354 727 consuevimus;
1390 685 1438 720 ut
1474 676 1577 719 alios
1606 677 1660 738 a'd

293 753 536 813 praesidium
569 751 692 794 nobis
726 765 880 793 vocare
914 750 1135 809 possimus.
1169 750 1449 792 Premebatur
1487 756 1659 792 sanctus

294 824 528 883 Propheta,
558 821 994 882 appropinquantibus
1033 820 1113 863 sibi
1152 820 1510 879 persecutoribus.
1561 818 1662 863 Saiil

295 896 435 955 primo
456 894 631 937 infestus
650 901 810 935 armato
833 907 931 934 eum
947 891 1249 949 insequebatur
1264 890 1455 934 exercitu
1480 904 1490 931 t
1517 897 1662 948 postea

296 965 508 1026 parricida
545 964 659 1007 filius
689 963 941 1006 imminebat
961 978 971 1006 z
994 977 1081 1005 non
1103 970 1327 1004 contentus
1354 960 1551 1018 fugientis
1581 960 1665 1003 exi*

306 1038 380 1086 lio,
407 1036 538 1079 vitam
560 1034 690 1093 patris
706 1033 922 1091 quaerebat
937 1032 1115 1090 eripere.
1143 1031 1228 1075 Sed
1249 1032 1302 1074 ab
1319 1031 1399 1074 illis
1416 1029 1557 1074 minus
1575 1031 1663 1089 pati

296 1115 465 1167 poterat
491 1121 596 1164 quos
623 1106 666 1148 in
686 1104 881 1163 praesenti
906 1103 1102 1152 videbat,
1121 1117 1251 1160 quam
1273 1102 1324 1145 ab
1346 1101 1428 1145 illis
1450 1116 1554 1160 quos
1577 1116 1666 1144 non

298 1179 494 1228 videbat3
519 1184 583 1220 est
602 1176 716 1219 enim
737 1175 984 1218 colluctatio
1006 1174 1163 1217 sanctis
1185 1188 1272 1216 non
1301 1174 1438 1216 solum
1463 1173 1666 1216 adversus

299 1264 473 1293 carnem
497 1257 540 1292 et
565 1246 839 1305 sanguinem,
871 1247 947 1288 sed
966 1245 1095 1302 etiam
1120 1247 1319 1288 adversus
1334 1244 1602 1302 Principatus
1623 1251 1668 1287 et

299 1323 534 1366 Potestates
551 1319 670 1362 istius
686 1318 863 1366 mundi,
888 1325 1161 1374 rectoresque
1183 1316 1457 1358 tenebrarum
1471 1347 1482 1365 ,
1508 1316 1582 1373 qui
1603 1317 1668 1359 la·-

305 1402 477 1435 tronum
509 1391 637 1433 modo
667 1390 715 1432 in·
731 1389 850 1432 istius
872 1388 1012 1431 saeculi
1041 1395 1168 1430 nocte
1193 1387 1390 1430 humanis
1414 1386 1670 1429 insidiantur

309 1462 553 1505 affectibus„
569 1461 732 1504 Horum
760 1459 889 1518 igitur
903 1466 1075 1502 sanctus
1089 1457 1224 1501 'David
1245 1473 1342 1500 cum
1364 1472 1508 1515 graves
1528 1459 1671 1501 adver-

302 1548 396 1577 sum
411 1546 455 1576 se
471 1532 634 1576 videret
643 1531 742 1574 fieri
758 1531 971 1580 incursus,
991 1528 1241 1572 exclamavit
1257 1528 1300 1586 in
1317 1537 1409 1572 toto
1426 1529 1556 1572 corde
1573 1542 1663 1571 suo.

301 1604 469 1648 Etenim
502 1592 699 1646 adversus
733 1602 949 1645 diabolum
985 1616 1070 1643 non
1097 1600 1213 1644 vocis
1246 1600 1568 1659 magnitudine,
1595 1599 1672 1643 sod

304 1673 650 1733 magnanimitate
672 1672 814 1716 cordis
835 1671 1042 1714 utendum
1060 1679 1138 1715 est.

338 1778 342 1782 .
364 1745 480 1789 VIII.
516 1745 591 1787 Est
614 1752 755 1787 tamen
781 1751 825 1786 et
853 1757 933 1785 vox
953 1742 1116 1790 cordis;
1139 1741 1238 1799 quia
1259 1749 1322 1784 est
1341 1748 1385 1784 et
1405 1754 1486 1784 vox
1509 1738 1673 1798 sangui-

308 1818 398 1867 nis,
429 1831 523 1874 quae
545 1817 600 1859 ad
618 1816 757 1864 Deum
781 1813 985 1872 pervenit.
1017 1813 1211 1870 Denique
1235 1814 1348 1856 Deus
1371 1813 1476 1856 dicit
1499 1828 1510 1855 :
1550 1829 1567 1850 κ
1583 1811 1674 1856 Vox

295 1885 552 1944 ‚sanguinis
583 1884 723 1927 fratris
751 1885 812 1928 tui
845 1885 897 1927 de
922 1893 1034 1926 terra
1061 1885 1217 1926 clamat
1243 1883 1295 1926 ad
1326 1881 1434 1926 me‘.
1457 1900 1474 1923 ι
1509 1881 1674 1925 Clamat

313 1972 414 2017 ergo
438 1972 513 2001 cor
527 1964 722 2000 nostrum
735 1970 823 1998 non
843 1970 947 1998 sono
958 1954 1165 2013 corporiS,
1194 1955 1268 1997 sed
1289 1953 1593 2012 cogitationum
1609 1967 1675 1995 su-

316 2031 546 2080 blimitate,
574 2023 876 2085 concentuque
900 2026 1119 2070 virtutum.
1154 2025 1336 2069 Grandis
1368 2024 1468 2068 fidei
1495 2026 1668 2068 clamor.

313 2102 507 2159 Denique
533 2099 578 2143 in
599 2099 749 2158 spiritu
786 2098 1025 2157 adoptionis
1041 2099 1274 2141 clamamus
1298 2096 1456 2140 :Abba
1475 2096 1614 2146 Pater,
1632 2103 1676 2140 et

313 2173 402 2231 ipse
429 2171 610 2231 Spiritus
642 2170 721 2213 Dei
757 2171 912 2215 clamat
943 2169 985 2211 in
1023 2158 1158 2211 nobis.
1187 2168 1336 2226 Magna
1371 2181 1453 2210 vox
1473 2166 1672 2224 justitiae,

309 2257 463 2300 magna
489 2250 553 2284 est
573 2241 775 2284 castitatis
790 2273 801 2291 ,
822 2255 898 2298 per
920 2253 1047 2297 quam
1064 2247 1106 2281 et
1127 2238 1286 2281 mortui
1313 2239 1549 2296 loquuntur
1557 2255 1569 2288 ;
1594 2251 1676 2280 nec

272 2329 275 2332 ’
309 2316 447 2370 solum
466 2314 700 2370 loquuntur
717 2343 728 2361 ,
752 2312 827 2354 sed
846 2311 975 2353 etiam
997 2309 1107 2353 sicut
1128 2309 1237 2352 Abel
1267 2311 1468 2352 clamant.
1494 2308 1550 2352 At
1572 2322 1675 2358 vero

307 2384 454 2442 injusti
489 2383 627 2425 anima
653 2395 733 2424 nec
755 2380 933 2424 viventis
958 2382 1141 2428 clamat;
1171 2380 1268 2437 quia
1288 2380 1378 2422 Deo
1397 2387 1566 2423 mortua
1592 2387 1669 2422 est.

306 2455 424 2500 Nihil
443 2454 487 2497 in
508 2455 577 2497 illa
594 2453 776 2496 sublime
788 2486 799 2502 ,
821 2449 930 2494 nihil
945 2449 1221 2509 magnificum
1235 2458 1299 2493 est
1325 2465 1337 2492 ι
1355 2451 1479 2508 quale
1496 2462 1645 2493 eorum
1664 2483 1676 2501 ,

310 2541 491 2584 quorum
515 2540 642 2567 sonus
671 2524 715 2566 in
738 2538 908 2566 omnem
935 2531 1093 2566 terram
1115 2522 1267 2572 exivit,
1292 2530 1336 2565 et
1354 2522 1482 2565 verba
1504 2522 1547 2564 in
1570 2520 1676 2564 fines

313 2595 425 2639 orbis
455 2602 678 2638 terrarum.
704 2590 862 2637 Gracili
887 2608 991 2636 voce
1011 2592 1175 2651 Moyses
1196 2593 1451 2653 loquebatur
1470 2625 1483 2643 ,
1507 2600 1559 2652 et*
1574 2593 1670 2651 plus

350 2695 360 2711 ¹
384 2685 479 2719 nom.
502 2696 549 2725 xi,
567 2685 622 2720 52.
639 2703 680 2711 —
696 2684 810 2731 ³·Psal.
829 2695 944 2725 cxvm,
968 2683 1042 2724 ¹45·
1056 2702 1097 2708 —
1112 2685 1126 2708 ³
1140 2684 1221 2718 Gen.
1243 2694 1290 2724 iv,
1310 2694 1362 2717 10.
