<?xml version="1.0" encoding="UTF-8"?>
<!DOCTYPE html PUBLIC "-//W3C//DTD XHTML 1.0 Transitional//EN"
    "http://www.w3.org/TR/xhtml1/DTD/xhtml1-transitional.dtd">
<html xmlns="http://www.w3.org/1999/xhtml" xml:lang="en" lang="en">
 <head>
  <title>
</title>
<meta http-equiv="Content-Type" content="text/html;charset=utf-8" />
  <meta name='ocr-system' content='tesseract 3.04.00' />
  <meta name='ocr-capabilities' content='ocr_page ocr_carea ocr_par ocr_line ocrx_word'/>
</head>
<body>
  <div class='ocr_page' id='page_1' title='image "./omniaequaeextant04ambruoft_0362.png"; bbox 0 0 1800 3236; ppageno 0'>
   <div class='ocr_carea' id='block_1_1' title="bbox 368 278 1181 323">
    <p class='ocr_par' dir='ltr' id='par_1_1' title="bbox 368 278 1181 323">
     <span class='ocr_line' id='line_1_1' title="bbox 368 278 1181 323; baseline -0.002 0"><span class='ocrx_word' id='word_1_1' title='bbox 368 278 453 323; x_wconf 82' lang='lat'><strong>352</strong></span> <span class='ocrx_word' id='word_1_2' title='bbox 918 293 952 323; x_wconf 88' lang='lat' dir='ltr'><strong>s.</strong></span> <span class='ocrx_word' id='word_1_3' title='bbox 990 291 1181 323; x_wconf 73' lang='lat' dir='ltr'><strong>Aunnosn</strong></span> 
     </span>
    </p>
   </div>
   <div class='ocr_carea' id='block_1_2' title="bbox 365 369 1766 2573">
    <p class='ocr_par' dir='ltr' id='par_1_2' title="bbox 365 369 1738 719">
     <span class='ocr_line' id='line_1_2' title="bbox 365 369 1735 423; baseline -0.003 -3"><span class='ocrx_word' id='word_1_4' title='bbox 365 375 481 420; x_wconf 87' lang='lat' dir='ltr'><strong>enim</strong></span> <span class='ocrx_word' id='word_1_5' title='bbox 509 382 600 419; x_wconf 87' lang='lat' dir='ltr'><strong>erat</strong></span> <span class='ocrx_word' id='word_1_6' title='bbox 622 373 828 419; x_wconf 87' lang='lat' dir='ltr'><strong>Christus.</strong></span> <span class='ocrx_word' id='word_1_7' title='bbox 864 373 967 417; x_wconf 91' lang='lat' dir='ltr'><strong>Ideo</strong></span> <span class='ocrx_word' id='word_1_8' title='bbox 998 381 1042 416; x_wconf 88' lang='lat' dir='ltr'><strong>et</strong></span> <span class='ocrx_word' id='word_1_9' title='bbox 1076 386 1232 415; x_wconf 86' lang='lat' dir='ltr'><strong>manna</strong></span> <span class='ocrx_word' id='word_1_10' title='bbox 1262 369 1653 423; x_wconf 78' lang='lat' dir='ltr'><strong>manducaverunt3</strong></span> <span class='ocrx_word' id='word_1_11' title='bbox 1686 380 1735 416; x_wconf 92' lang='lat' dir='ltr'><strong>ut</strong></span> 
     </span>
     <span class='ocr_line' id='line_1_3' title="bbox 366 442 1735 503; baseline -0.003 -12"><span class='ocrx_word' id='word_1_12' title='bbox 366 447 491 491; x_wconf 86' lang='lat' dir='ltr'><strong>toties</strong></span> <span class='ocrx_word' id='word_1_13' title='bbox 515 447 647 490; x_wconf 81' lang='lat' dir='ltr'><strong>abluti</strong></span> <span class='ocrx_word' id='word_1_14' title='bbox 678 447 988 489; x_wconf 81' lang='lat' dir='ltr'><strong>manducarent</strong></span> <span class='ocrx_word' id='word_1_15' title='bbox 1014 458 1167 503; x_wconf 90' lang='lat' dir='ltr'><strong>panem</strong></span> <span class='ocrx_word' id='word_1_16' title='bbox 1184 475 1195 493; x_wconf 93' lang='lat'><strong><em>,</em></strong></span> <span class='ocrx_word' id='word_1_17' title='bbox 1220 451 1267 485; x_wconf 85' lang='lat' dir='ltr'><strong>ut</strong></span> <span class='ocrx_word' id='word_1_18' title='bbox 1297 442 1503 502; x_wconf 85' lang='lat' dir='ltr'><strong>scriptum</strong></span> <span class='ocrx_word' id='word_1_19' title='bbox 1525 452 1615 494; x_wconf 86' lang='lat' dir='ltr'><strong>est,</strong></span> <span class='ocrx_word' id='word_1_20' title='bbox 1644 443 1735 488; x_wconf 89' lang='lat' dir='ltr'><strong>An-</strong></span> 
     </span>
     <span class='ocr_line' id='line_1_4' title="bbox 367 514 1738 579; baseline -0.001 -17"><span class='ocrx_word' id='word_1_21' title='bbox 367 519 560 579; x_wconf 87' lang='lat' dir='ltr'><strong>gelorum</strong></span> <span class='ocrx_word' id='word_1_22' title='bbox 582 518 613 561; x_wconf 81' lang='lat'><strong>¹.</strong></span> <span class='ocrx_word' id='word_1_23' title='bbox 638 518 762 562; x_wconf 91' lang='lat' dir='ltr'><strong>Nunc</strong></span> <span class='ocrx_word' id='word_1_24' title='bbox 784 532 953 576; x_wconf 88' lang='lat' dir='ltr'><strong>quoque</strong></span> <span class='ocrx_word' id='word_1_25' title='bbox 978 515 1021 559; x_wconf 91' lang='lat' dir='ltr'><strong>in</strong></span> <span class='ocrx_word' id='word_1_26' title='bbox 1042 514 1256 574; x_wconf 77' lang='lat' dir='ltr'>Evangelii</span> <span class='ocrx_word' id='word_1_27' title='bbox 1273 514 1484 574; x_wconf 77' lang='lat' dir='ltr'>mysteriis</span> <span class='ocrx_word' id='word_1_28' title='bbox 1505 527 1738 575; x_wconf 81' lang='lat' dir='ltr'><strong>recognos-·</strong></span> 
     </span>
     <span class='ocr_line' id='line_1_5' title="bbox 368 588 1737 648; baseline -0.002 -14"><span class='ocrx_word' id='word_1_29' title='bbox 368 591 428 634; x_wconf 85' lang='lat' dir='ltr'><strong>cis</strong></span> <span class='ocrx_word' id='word_1_30' title='bbox 443 623 453 640; x_wconf 88' lang='lat'>‚</span> <span class='ocrx_word' id='word_1_31' title='bbox 478 590 574 647; x_wconf 87' lang='lat' dir='ltr'><strong>quia</strong></span> <span class='ocrx_word' id='word_1_32' title='bbox 596 589 834 648; x_wconf 81' lang='lat' dir='ltr'><strong>baptizatus</strong></span> <span class='ocrx_word' id='word_1_33' title='bbox 857 588 958 642; x_wconf 89' lang='lat' dir='ltr'><strong>licet</strong></span> <span class='ocrx_word' id='word_1_34' title='bbox 980 595 1070 630; x_wconf 91' lang='lat' dir='ltr'><strong>toto</strong></span> <span class='ocrx_word' id='word_1_35' title='bbox 1093 601 1295 646; x_wconf 87' lang='lat' dir='ltr'><strong>corpore,</strong></span> <span class='ocrx_word' id='word_1_36' title='bbox 1318 594 1465 645; x_wconf 84' lang='lat' dir='ltr'><strong>postea</strong></span> <span class='ocrx_word' id='word_1_37' title='bbox 1477 595 1619 630; x_wconf 84' lang='lat' dir='ltr'><strong>tamen</strong></span> <span class='ocrx_word' id='word_1_38' title='bbox 1641 601 1737 631; x_wconf 87' lang='lat' dir='ltr'><strong>esca</strong></span> 
     </span>
     <span class='ocr_line' id='line_1_6' title="bbox 367 658 1012 719; baseline -0.005 -16"><span class='ocrx_word' id='word_1_39' title='bbox 367 660 541 719; x_wconf 84' lang='lat' dir='ltr'><strong>spiritali</strong></span> <span class='ocrx_word' id='word_1_40' title='bbox 564 668 750 718; x_wconf 83' lang='lat' dir='ltr'><strong>potuque</strong></span> <span class='ocrx_word' id='word_1_41' title='bbox 773 658 1012 701; x_wconf 87' lang='lat' dir='ltr'><strong>mundaris.</strong></span> 
     </span>
    </p>

    <p class='ocr_par' dir='ltr' id='par_1_3' title="bbox 367 727 1751 1633">
     <span class='ocr_line' id='line_1_7' title="bbox 428 727 1738 790; baseline -0.002 -16"><span class='ocrx_word' id='word_1_42' title='bbox 428 729 571 774; x_wconf 86' lang='lat' dir='ltr'><strong>XXX.</strong></span> <span class='ocrx_word' id='word_1_43' title='bbox 607 729 757 774; x_wconf 86' lang='lat' dir='ltr'><strong>Merito</strong></span> <span class='ocrx_word' id='word_1_44' title='bbox 779 745 879 788; x_wconf 79' lang='lat' dir='ltr'><strong>ergo</strong></span> <span class='ocrx_word' id='word_1_45' title='bbox 901 729 1037 772; x_wconf 87' lang='lat' dir='ltr'><strong>David</strong></span> <span class='ocrx_word' id='word_1_46' title='bbox 1060 736 1104 771; x_wconf 91' lang='lat' dir='ltr'><strong>et</strong></span> <span class='ocrx_word' id='word_1_47' title='bbox 1126 729 1273 771; x_wconf 89' lang='lat' dir='ltr'><strong>oculos</strong></span> <span class='ocrx_word' id='word_1_48' title='bbox 1295 727 1516 772; x_wconf 88' lang='lat' dir='ltr'><strong>interiores</strong></span> <span class='ocrx_word' id='word_1_49' title='bbox 1537 727 1738 790; x_wconf 81' lang='lat' dir='ltr'><strong>purifica-</strong></span> 
     </span>
     <span class='ocr_line' id='line_1_8' title="bbox 367 799 1741 860; baseline -0.001 -15"><span class='ocrx_word' id='word_1_50' title='bbox 367 810 459 852; x_wconf 86' lang='lat' dir='ltr'><strong>tos,</strong></span> <span class='ocrx_word' id='word_1_51' title='bbox 498 810 541 845; x_wconf 86' lang='lat' dir='ltr'><strong>et</strong></span> <span class='ocrx_word' id='word_1_52' title='bbox 571 803 718 845; x_wconf 88' lang='lat' dir='ltr'><strong>dentes</strong></span> <span class='ocrx_word' id='word_1_53' title='bbox 748 810 950 860; x_wconf 83' lang='lat' dir='ltr'>tanquam</span> <span class='ocrx_word' id='word_1_54' title='bbox 978 800 1238 844; x_wconf 80' lang='lat' dir='ltr'><strong>illuminatos</strong></span> <span class='ocrx_word' id='word_1_55' title='bbox 1269 799 1522 858; x_wconf 79' lang='lat' dir='ltr'><strong>spiritalium</strong></span> <span class='ocrx_word' id='word_1_56' title='bbox 1546 799 1741 844; x_wconf 83' lang='lat' dir='ltr'><strong>dentium</strong></span> 
     </span>
     <span class='ocr_line' id='line_1_9' title="bbox 370 871 1742 933; baseline -0.002 -15"><span class='ocrx_word' id='word_1_57' title='bbox 370 875 555 918; x_wconf 87' lang='lat' dir='ltr'><strong>candore</strong></span> <span class='ocrx_word' id='word_1_58' title='bbox 575 889 790 918; x_wconf 87' lang='lat' dir='ltr'><strong>sermones</strong></span> <span class='ocrx_word' id='word_1_59' title='bbox 811 873 972 933; x_wconf 77' lang='lat' dir='ltr'><strong>profert</strong></span> <span class='ocrx_word' id='word_1_60' title='bbox 998 872 1142 915; x_wconf 88' lang='lat' dir='ltr'><strong>dicens</strong></span> <span class='ocrx_word' id='word_1_61' title='bbox 1162 887 1171 914; x_wconf 90' lang='lat'>:</span> <span class='ocrx_word' id='word_1_62' title='bbox 1189 889 1204 912; x_wconf 76' lang='grc' dir='ltr'>α</span> <span class='ocrx_word' id='word_1_63' title='bbox 1229 871 1329 916; x_wconf 83' lang='lat' dir='ltr'><strong>Feci</strong></span> <span class='ocrx_word' id='word_1_64' title='bbox 1350 871 1560 930; x_wconf 90' lang='lat' dir='ltr'><strong>judicium</strong></span> <span class='ocrx_word' id='word_1_65' title='bbox 1587 880 1630 916; x_wconf 88' lang='lat' dir='ltr'><strong>et</strong></span> <span class='ocrx_word' id='word_1_66' title='bbox 1657 871 1742 930; x_wconf 83' lang='lat' dir='ltr'><strong>jus-</strong></span> 
     </span>
     <span class='ocr_line' id='line_1_10' title="bbox 373 943 1743 1002; baseline 0 -14"><span class='ocrx_word' id='word_1_67' title='bbox 373 964 390 988; x_wconf 80' lang='lat'><strong>»</strong></span> <span class='ocrx_word' id='word_1_68' title='bbox 404 946 552 989; x_wconf 80' lang='lat' dir='ltr'><strong>titiam.</strong></span> <span class='ocrx_word' id='word_1_69' title='bbox 579 964 595 987; x_wconf 83' lang='grc' dir='ltr'>ι)</span> <span class='ocrx_word' id='word_1_70' title='bbox 608 946 683 989; x_wconf 90' lang='lat' dir='ltr'><strong>Ille</strong></span> <span class='ocrx_word' id='word_1_71' title='bbox 699 954 764 989; x_wconf 85' lang='lat' dir='ltr'><strong>est</strong></span> <span class='ocrx_word' id='word_1_72' title='bbox 783 945 897 989; x_wconf 88' lang='lat' dir='ltr'><strong>enim</strong></span> <span class='ocrx_word' id='word_1_73' title='bbox 919 959 1043 988; x_wconf 85' lang='lat' dir='ltr'><strong>verus</strong></span> <span class='ocrx_word' id='word_1_74' title='bbox 1067 943 1259 987; x_wconf 87' lang='lat' dir='ltr'><strong>dentium</strong></span> <span class='ocrx_word' id='word_1_75' title='bbox 1276 943 1433 1002; x_wconf 82' lang='lat' dir='ltr'>fulgor,</span> <span class='ocrx_word' id='word_1_76' title='bbox 1452 943 1646 988; x_wconf 87' lang='lat' dir='ltr'><strong>ubibene</strong></span> <span class='ocrx_word' id='word_1_77' title='bbox 1663 943 1743 988; x_wconf 86' lang='lat' dir='ltr'><strong>sibi</strong></span> 
     </span>
     <span class='ocr_line' id='line_1_11' title="bbox 373 1015 1743 1065; baseline -0.002 -3"><span class='ocrx_word' id='word_1_78' title='bbox 373 1017 553 1062; x_wconf 86' lang='lat' dir='ltr'><strong>consciae</strong></span> <span class='ocrx_word' id='word_1_79' title='bbox 589 1018 743 1061; x_wconf 87' lang='lat' dir='ltr'><strong>mentis</strong></span> <span class='ocrx_word' id='word_1_80' title='bbox 780 1024 951 1061; x_wconf 83' lang='lat' dir='ltr'><strong>resonat</strong></span> <span class='ocrx_word' id='word_1_81' title='bbox 987 1032 1143 1060; x_wconf 86' lang='lat' dir='ltr'><strong>canora</strong></span> <span class='ocrx_word' id='word_1_82' title='bbox 1163 1029 1167 1034; x_wconf 84' lang='lat'>·</span> <span class='ocrx_word' id='word_1_83' title='bbox 1186 1015 1407 1065; x_wconf 81' lang='lat' dir='ltr'><strong>consessio.</strong></span> <span class='ocrx_word' id='word_1_84' title='bbox 1446 1016 1524 1059; x_wconf 89' lang='lat' dir='ltr'><strong>Ille</strong></span> <span class='ocrx_word' id='word_1_85' title='bbox 1559 1017 1743 1060; x_wconf 88' lang='lat' dir='ltr'><strong>mundus</strong></span> 
     </span>
     <span class='ocr_line' id='line_1_12' title="bbox 374 1076 1746 1149; baseline -0.001 -16"><span class='ocrx_word' id='word_1_86' title='bbox 374 1076 548 1140; x_wconf 86' lang='lat' dir='ltr'><strong>oculus,</strong></span> <span class='ocrx_word' id='word_1_87' title='bbox 574 1105 701 1147; x_wconf 89' lang='lat' dir='ltr'><strong>quem</strong></span> <span class='ocrx_word' id='word_1_88' title='bbox 721 1097 996 1149; x_wconf 88' lang='lat' dir='ltr'><strong>peccatorum</strong></span> <span class='ocrx_word' id='word_1_89' title='bbox 1019 1087 1208 1146; x_wconf 86' lang='lat' dir='ltr'><strong>gravium</strong></span> <span class='ocrx_word' id='word_1_90' title='bbox 1232 1088 1372 1131; x_wconf 87' lang='lat' dir='ltr'><strong>trabes</strong></span> <span class='ocrx_word' id='word_1_91' title='bbox 1388 1088 1505 1132; x_wconf 87' lang='lat' dir='ltr'><strong>nulla</strong></span> <span class='ocrx_word' id='word_1_92' title='bbox 1525 1089 1746 1147; x_wconf 87' lang='lat' dir='ltr'><strong>depresse-</strong></span> 
     </span>
     <span class='ocr_line' id='line_1_13' title="bbox 373 1159 1742 1220; baseline -0.001 -15"><span class='ocrx_word' id='word_1_93' title='bbox 373 1162 454 1205; x_wconf 84' lang='lat' dir='ltr'><strong>rit:</strong></span> <span class='ocrx_word' id='word_1_94' title='bbox 475 1177 602 1220; x_wconf 90' lang='lat' dir='ltr'><strong>quem</strong></span> <span class='ocrx_word' id='word_1_95' title='bbox 618 1169 994 1220; x_wconf 82' lang='lat' dir='ltr'><strong>purgamentorum</strong></span> <span class='ocrx_word' id='word_1_96' title='bbox 1009 1159 1166 1203; x_wconf 87' lang='lat' dir='ltr'><strong>levium</strong></span> <span class='ocrx_word' id='word_1_97' title='bbox 1180 1159 1340 1203; x_wconf 82' lang='lat' dir='ltr'>festuca</span> <span class='ocrx_word' id='word_1_98' title='bbox 1357 1161 1471 1204; x_wconf 87' lang='lat' dir='ltr'><strong>nulla</strong></span> <span class='ocrx_word' id='word_1_99' title='bbox 1493 1159 1742 1204; x_wconf 75' lang='lat' dir='ltr'><strong>turbaverit.</strong></span> 
     </span>
     <span class='ocr_line' id='line_1_14' title="bbox 374 1230 1747 1287; baseline 0 -12"><span class='ocrx_word' id='word_1_100' title='bbox 374 1233 458 1275; x_wconf 88' lang='lat' dir='ltr'><strong>Iste</strong></span> <span class='ocrx_word' id='word_1_101' title='bbox 476 1233 625 1275; x_wconf 91' lang='lat' dir='ltr'><strong>oculus</strong></span> <span class='ocrx_word' id='word_1_102' title='bbox 647 1232 690 1275; x_wconf 91' lang='lat' dir='ltr'><strong>in</strong></span> <span class='ocrx_word' id='word_1_103' title='bbox 713 1233 893 1275; x_wconf 85' lang='lat' dir='ltr'><strong>verbum</strong></span> <span class='ocrx_word' id='word_1_104' title='bbox 921 1231 1092 1287; x_wconf 72' lang='lat' dir='ltr'><strong>justiziae</strong></span> <span class='ocrx_word' id='word_1_105' title='bbox 1115 1230 1282 1274; x_wconf 77' lang='lat' dir='ltr'><strong>defecit.</strong></span> <span class='ocrx_word' id='word_1_106' title='bbox 1303 1248 1319 1271; x_wconf 80' lang='grc' dir='ltr'>α</span> <span class='ocrx_word' id='word_1_107' title='bbox 1339 1230 1424 1283; x_wconf 89' lang='lat' dir='ltr'><strong>Qui</strong></span> <span class='ocrx_word' id='word_1_108' title='bbox 1440 1231 1555 1275; x_wconf 91' lang='lat' dir='ltr'><strong>enim</strong></span> <span class='ocrx_word' id='word_1_109' title='bbox 1577 1230 1747 1275; x_wconf 85' lang='lat' dir='ltr'><strong>Christo</strong></span> 
     </span>
     <span class='ocr_line' id='line_1_15' title="bbox 375 1302 1750 1363; baseline 0.001 -17"><span class='ocrx_word' id='word_1_110' title='bbox 375 1304 617 1354; x_wconf 82' lang='lat' dir='ltr'><strong>»adhaeret‚</strong></span> <span class='ocrx_word' id='word_1_111' title='bbox 652 1320 762 1348; x_wconf 91' lang='lat' dir='ltr'><strong>unus</strong></span> <span class='ocrx_word' id='word_1_112' title='bbox 792 1313 856 1348; x_wconf 88' lang='lat' dir='ltr'><strong>est</strong></span> <span class='ocrx_word' id='word_1_113' title='bbox 888 1303 1058 1362; x_wconf 89' lang='lat' dir='ltr'><strong>spiritus</strong></span> <span class='ocrx_word' id='word_1_114' title='bbox 1087 1303 1120 1345; x_wconf 82' lang='lat'><strong>².</strong></span> <span class='ocrx_word' id='word_1_115' title='bbox 1158 1302 1240 1345; x_wconf 82' lang='lat' dir='ltr'><strong>»Et</strong></span> <span class='ocrx_word' id='word_1_116' title='bbox 1269 1303 1442 1346; x_wconf 82' lang='lat' dir='ltr'><strong>Balaam</strong></span> <span class='ocrx_word' id='word_1_117' title='bbox 1471 1303 1669 1363; x_wconf 81' lang='lat' dir='ltr'><strong>petebat,</strong></span> <span class='ocrx_word' id='word_1_118' title='bbox 1701 1311 1750 1348; x_wconf 86' lang='lat' dir='ltr'><strong>ut</strong></span> 
     </span>
     <span class='ocr_line' id='line_1_16' title="bbox 377 1373 1751 1433; baseline 0 -16"><span class='ocrx_word' id='word_1_119' title='bbox 377 1374 513 1418; x_wconf 87' lang='lat' dir='ltr'><strong>anima</strong></span> <span class='ocrx_word' id='word_1_120' title='bbox 532 1391 603 1418; x_wconf 80' lang='lat' dir='ltr'><strong>sua</strong></span> <span class='ocrx_word' id='word_1_121' title='bbox 627 1374 829 1418; x_wconf 86' lang='lat' dir='ltr'><strong>deficeret</strong></span> <span class='ocrx_word' id='word_1_122' title='bbox 846 1373 888 1417; x_wconf 89' lang='lat' dir='ltr'><strong>in</strong></span> <span class='ocrx_word' id='word_1_123' title='bbox 912 1374 1060 1417; x_wconf 84' lang='lat' dir='ltr'><strong>animis</strong></span> <span class='ocrx_word' id='word_1_124' title='bbox 1077 1373 1313 1432; x_wconf 81' lang='lat' dir='ltr'><strong>justorum³</strong></span> <span class='ocrx_word' id='word_1_125' title='bbox 1337 1408 1348 1425; x_wconf 93' lang='lat'><em>‚</em></span> <span class='ocrx_word' id='word_1_126' title='bbox 1370 1393 1386 1414; x_wconf 76' lang='grc' dir='ltr'>ιι</span> <span class='ocrx_word' id='word_1_127' title='bbox 1401 1373 1444 1417; x_wconf 90' lang='lat' dir='ltr'><strong>id</strong></span> <span class='ocrx_word' id='word_1_128' title='bbox 1466 1382 1529 1417; x_wconf 90' lang='lat' dir='ltr'><strong>cst</strong></span> <span class='ocrx_word' id='word_1_129' title='bbox 1544 1408 1556 1425; x_wconf 92' lang='lat'>,</span> <span class='ocrx_word' id='word_1_130' title='bbox 1581 1382 1628 1418; x_wconf 89' lang='lat' dir='ltr'><strong>ut</strong></span> <span class='ocrx_word' id='word_1_131' title='bbox 1651 1389 1751 1433; x_wconf 87' lang='lat' dir='ltr'><strong>pro-</strong></span> 
     </span>
     <span class='ocr_line' id='line_1_17' title="bbox 378 1446 1746 1506; baseline 0.002 -18"><span class='ocrx_word' id='word_1_132' title='bbox 378 1446 460 1505; x_wconf 89' lang='lat' dir='ltr'><strong>prii</strong></span> <span class='ocrx_word' id='word_1_133' title='bbox 486 1447 808 1490; x_wconf 87' lang='lat' dir='ltr'><strong>oblivisceretur</strong></span> <span class='ocrx_word' id='word_1_134' title='bbox 837 1446 991 1489; x_wconf 86' lang='lat' dir='ltr'><strong>erroris</strong></span> <span class='ocrx_word' id='word_1_135' title='bbox 1018 1461 1028 1488; x_wconf 87' lang='lat'>:</span> <span class='ocrx_word' id='word_1_136' title='bbox 1057 1447 1172 1503; x_wconf 89' lang='lat' dir='ltr'><strong>quod</strong></span> <span class='ocrx_word' id='word_1_137' title='bbox 1192 1462 1315 1489; x_wconf 86' lang='lat' dir='ltr'><strong>suum</strong></span> <span class='ocrx_word' id='word_1_138' title='bbox 1345 1454 1459 1497; x_wconf 85' lang='lat' dir='ltr'><strong>erat,</strong></span> <span class='ocrx_word' id='word_1_139' title='bbox 1485 1447 1746 1506; x_wconf 80' lang='lat' dir='ltr'><strong>deponeret:</strong></span> 
     </span>
     <span class='ocr_line' id='line_1_18' title="bbox 378 1517 1751 1578; baseline 0.002 -18"><span class='ocrx_word' id='word_1_140' title='bbox 378 1518 493 1576; x_wconf 87' lang='lat' dir='ltr'><strong>quod</strong></span> <span class='ocrx_word' id='word_1_141' title='bbox 521 1518 693 1576; x_wconf 84' lang='lat' dir='ltr'><strong>justitiae</strong></span> <span class='ocrx_word' id='word_1_142' title='bbox 716 1527 757 1562; x_wconf 84' lang='lat' dir='ltr'><strong>et</strong></span> <span class='ocrx_word' id='word_1_143' title='bbox 779 1518 1013 1577; x_wconf 78' lang='lat' dir='ltr'><strong>aequitatis,</strong></span> <span class='ocrx_word' id='word_1_144' title='bbox 1040 1526 1284 1562; x_wconf 81' lang='lat' dir='ltr'><strong>assumeret.</strong></span> <span class='ocrx_word' id='word_1_145' title='bbox 1317 1517 1403 1562; x_wconf 85' lang='lat' dir='ltr'><strong>Sed</strong></span> <span class='ocrx_word' id='word_1_146' title='bbox 1425 1518 1751 1578; x_wconf 83' lang='lat' dir='ltr'><strong>progrediamur</strong></span> 
     </span>
     <span class='ocr_line' id='line_1_19' title="bbox 380 1589 617 1633; baseline 0.008 -2"><span class='ocrx_word' id='word_1_147' title='bbox 380 1589 433 1631; x_wconf 83' lang='lat' dir='ltr'><strong>ad</strong></span> <span class='ocrx_word' id='word_1_148' title='bbox 452 1597 617 1633; x_wconf 82' lang='lat' dir='ltr'><strong>caetcra.</strong></span> 
     </span>
    </p>

    <p class='ocr_par' dir='ltr' id='par_1_4' title="bbox 377 1659 1766 2573">
     <span class='ocr_line' id='line_1_20' title="bbox 434 1659 1751 1719; baseline 0.002 -16"><span class='ocrx_word' id='word_1_149' title='bbox 434 1659 598 1703; x_wconf 89' lang='lat' dir='ltr'><strong>XXXI.</strong></span> <span class='ocrx_word' id='word_1_150' title='bbox 632 1659 833 1719; x_wconf 86' lang='lat' dir='ltr'><strong>Sequitur</strong></span> <span class='ocrx_word' id='word_1_151' title='bbox 861 1676 871 1703; x_wconf 92' lang='lat'>:</span> <span class='ocrx_word' id='word_1_152' title='bbox 896 1679 911 1701; x_wconf 76' lang='grc' dir='ltr'><em>α</em></span> <span class='ocrx_word' id='word_1_153' title='bbox 927 1660 1013 1705; x_wconf 87' lang='lat' dir='ltr'><strong>Fac</strong></span> <span class='ocrx_word' id='word_1_154' title='bbox 1042 1676 1141 1718; x_wconf 78' lang='lat' dir='ltr'><strong>cum</strong></span> <span class='ocrx_word' id='word_1_155' title='bbox 1162 1675 1283 1704; x_wconf 89' lang='lat' dir='ltr'><strong>servo</strong></span> <span class='ocrx_word' id='word_1_156' title='bbox 1306 1668 1377 1704; x_wconf 86' lang='lat' dir='ltr'><strong>tuo</strong></span> <span class='ocrx_word' id='word_1_157' title='bbox 1400 1661 1639 1705; x_wconf 87' lang='lat' dir='ltr'><strong>secundum</strong></span> <span class='ocrx_word' id='word_1_158' title='bbox 1667 1660 1751 1705; x_wconf 88' lang='lat' dir='ltr'><strong>mi-</strong></span> 
     </span>
     <span class='ocr_line' id='line_1_21' title="bbox 379 1731 1753 1790; baseline 0.004 -17"><span class='ocrx_word' id='word_1_159' title='bbox 379 1731 686 1775; x_wconf 81' lang='lat' dir='ltr'><strong>»sericordiam</strong></span> <span class='ocrx_word' id='word_1_160' title='bbox 718 1741 835 1776; x_wconf 81' lang='lat' dir='ltr'><strong>tuam</strong></span> <span class='ocrx_word' id='word_1_161' title='bbox 855 1766 866 1783; x_wconf 95' lang='lat'><strong><em>,</em></strong></span> <span class='ocrx_word' id='word_1_162' title='bbox 901 1742 944 1776; x_wconf 91' lang='lat' dir='ltr'><strong>et</strong></span> <span class='ocrx_word' id='word_1_163' title='bbox 973 1732 1154 1790; x_wconf 81' lang='lat' dir='ltr'><strong>justitias</strong></span> <span class='ocrx_word' id='word_1_164' title='bbox 1185 1741 1276 1775; x_wconf 84' lang='lat' dir='ltr'><strong>tuas</strong></span> <span class='ocrx_word' id='word_1_165' title='bbox 1308 1734 1413 1776; x_wconf 89' lang='lat' dir='ltr'><strong>doce</strong></span> <span class='ocrx_word' id='word_1_166' title='bbox 1441 1747 1512 1777; x_wconf 90' lang='lat' dir='ltr'><strong>me</strong></span> <span class='ocrx_word' id='word_1_167' title='bbox 1540 1732 1570 1777; x_wconf 71' lang='lat'><strong>⁴.</strong></span> <span class='ocrx_word' id='word_1_168' title='bbox 1603 1752 1620 1775; x_wconf 70' lang='grc' dir='ltr'>ι</span> <span class='ocrx_word' id='word_1_169' title='bbox 1639 1734 1753 1779; x_wconf 81' lang='lat' dir='ltr'><strong>Prae-</strong></span> 
     </span>
     <span class='ocr_line' id='line_1_22' title="bbox 380 1802 1754 1864; baseline 0.003 -20"><span class='ocrx_word' id='word_1_170' title='bbox 380 1802 531 1845; x_wconf 83' lang='lat' dir='ltr'><strong>struxit</strong></span> <span class='ocrx_word' id='word_1_171' title='bbox 544 1802 670 1853; x_wconf 81' lang='lat' dir='ltr'><strong>viam,</strong></span> <span class='ocrx_word' id='word_1_172' title='bbox 684 1810 727 1845; x_wconf 84' lang='lat' dir='ltr'><strong>et</strong></span> <span class='ocrx_word' id='word_1_173' title='bbox 744 1803 1125 1847; x_wconf 83' lang='lat' dir='ltr'><strong>commendationis</strong></span> <span class='ocrx_word' id='word_1_174' title='bbox 1144 1819 1229 1846; x_wconf 84' lang='lat' dir='ltr'><strong>suae</strong></span> <span class='ocrx_word' id='word_1_175' title='bbox 1253 1803 1513 1847; x_wconf 85' lang='lat' dir='ltr'><strong>incrementa</strong></span> <span class='ocrx_word' id='word_1_176' title='bbox 1524 1818 1754 1864; x_wconf 85' lang='lat' dir='ltr'><strong>praesump-</strong></span> 
     </span>
     <span class='ocr_line' id='line_1_23' title="bbox 377 1873 1751 1932; baseline 0.004 -17"><span class='ocrx_word' id='word_1_177' title='bbox 377 1873 442 1916; x_wconf 89' lang='lat' dir='ltr'><strong>sit.</strong></span> <span class='ocrx_word' id='word_1_178' title='bbox 485 1873 623 1931; x_wconf 86' lang='lat' dir='ltr'><strong>Supra</strong></span> <span class='ocrx_word' id='word_1_179' title='bbox 669 1875 863 1932; x_wconf 84' lang='lat' dir='ltr'><strong>poposcit</strong></span> <span class='ocrx_word' id='word_1_180' title='bbox 895 1890 950 1918; x_wconf 91' lang='lat' dir='ltr'><strong>ne</strong></span> <span class='ocrx_word' id='word_1_181' title='bbox 985 1874 1239 1918; x_wconf 81' lang='lat' dir='ltr'><strong>nocentibus</strong></span> <span class='ocrx_word' id='word_1_182' title='bbox 1277 1877 1515 1919; x_wconf 84' lang='lat' dir='ltr'><strong>traderetur</strong></span> <span class='ocrx_word' id='word_1_183' title='bbox 1548 1890 1559 1919; x_wconf 74' lang='grc' dir='ltr'>ε</span> <span class='ocrx_word' id='word_1_184' title='bbox 1597 1876 1751 1922; x_wconf 83' lang='lat' dir='ltr'><strong>iterum</strong></span> 
     </span>
     <span class='ocr_line' id='line_1_24' title="bbox 378 1943 1751 2004; baseline 0.003 -17"><span class='ocrx_word' id='word_1_185' title='bbox 378 1943 502 2003; x_wconf 83' lang='lat' dir='ltr'><strong>petiit</strong></span> <span class='ocrx_word' id='word_1_186' title='bbox 519 1952 566 1987; x_wconf 85' lang='lat' dir='ltr'><strong>ut</strong></span> <span class='ocrx_word' id='word_1_187' title='bbox 595 1944 882 2004; x_wconf 79' lang='lat' dir='ltr'><strong>susciperetur</strong></span> <span class='ocrx_word' id='word_1_188' title='bbox 914 1945 956 1988; x_wconf 93' lang='lat' dir='ltr'><strong>in</strong></span> <span class='ocrx_word' id='word_1_189' title='bbox 983 1945 1124 1996; x_wconf 80' lang='lat' dir='ltr'><strong>bon03</strong></span> <span class='ocrx_word' id='word_1_190' title='bbox 1154 1961 1208 1988; x_wconf 90' lang='lat' dir='ltr'><strong>ne</strong></span> <span class='ocrx_word' id='word_1_191' title='bbox 1233 1947 1594 1990; x_wconf 84' lang='lat' dir='ltr'><strong>calumniarentur</strong></span> <span class='ocrx_word' id='word_1_192' title='bbox 1615 1947 1655 1990; x_wconf 92' lang='lat' dir='ltr'><strong>ei</strong></span> <span class='ocrx_word' id='word_1_193' title='bbox 1678 1963 1751 1991; x_wconf 88' lang='lat' dir='ltr'><strong>su-</strong></span> 
     </span>
     <span class='ocr_line' id='line_1_25' title="bbox 379 2015 1750 2075; baseline 0.005 -18"><span class='ocrx_word' id='word_1_194' title='bbox 379 2015 523 2075; x_wconf 89' lang='lat' dir='ltr'><strong>perbi,</strong></span> <span class='ocrx_word' id='word_1_195' title='bbox 562 2016 644 2060; x_wconf 88' lang='lat' dir='ltr'><strong>hoc</strong></span> <span class='ocrx_word' id='word_1_196' title='bbox 687 2026 750 2060; x_wconf 90' lang='lat' dir='ltr'><strong>est</strong></span> <span class='ocrx_word' id='word_1_197' title='bbox 771 2033 780 2061; x_wconf 78' lang='grc' dir='ltr'>ε</span> <span class='ocrx_word' id='word_1_198' title='bbox 805 2018 898 2061; x_wconf 87' lang='lat' dir='ltr'><strong>Non</strong></span> <span class='ocrx_word' id='word_1_199' title='bbox 937 2017 1102 2061; x_wconf 87' lang='lat' dir='ltr'><strong>declino</strong></span> <span class='ocrx_word' id='word_1_200' title='bbox 1124 2017 1359 2075; x_wconf 87' lang='lat' dir='ltr'><strong>judicium,</strong></span> <span class='ocrx_word' id='word_1_201' title='bbox 1391 2020 1465 2063; x_wconf 83' lang='lat' dir='ltr'><strong>sed</strong></span> <span class='ocrx_word' id='word_1_202' title='bbox 1494 2019 1750 2064; x_wconf 85' lang='lat' dir='ltr'><strong>calumniam</strong></span> 
     </span>
     <span class='ocr_line' id='line_1_26' title="bbox 379 2086 1744 2146; baseline 0.003 -16"><span class='ocrx_word' id='word_1_203' title='bbox 379 2086 639 2146; x_wconf 84' lang='lat' dir='ltr'><strong>perfidorum</strong></span> <span class='ocrx_word' id='word_1_204' title='bbox 654 2105 665 2137; x_wconf 72' lang='grc' dir='ltr'><strong><em>ς</em></strong></span> <span class='ocrx_word' id='word_1_205' title='bbox 687 2088 745 2131; x_wconf 90' lang='lat' dir='ltr'><strong>illi</strong></span> <span class='ocrx_word' id='word_1_206' title='bbox 757 2088 869 2131; x_wconf 87' lang='lat' dir='ltr'><strong>enim</strong></span> <span class='ocrx_word' id='word_1_207' title='bbox 882 2088 1074 2146; x_wconf 81' lang='lat' dir='ltr'><strong>judicare</strong></span> <span class='ocrx_word' id='word_1_208' title='bbox 1085 2088 1280 2131; x_wconf 90' lang='lat' dir='ltr'><strong>nesciunt</strong></span> <span class='ocrx_word' id='word_1_209' title='bbox 1296 2122 1305 2137; x_wconf 91' lang='lat'><em>,</em></span> <span class='ocrx_word' id='word_1_210' title='bbox 1327 2090 1574 2133; x_wconf 83' lang='lat' dir='ltr'><strong>calumniari</strong></span> <span class='ocrx_word' id='word_1_211' title='bbox 1592 2090 1744 2134; x_wconf 86' lang='lat' dir='ltr'><strong>sciunt.</strong></span> 
     </span>
     <span class='ocr_line' id='line_1_27' title="bbox 380 2157 1752 2219; baseline 0.002 -18"><span class='ocrx_word' id='word_1_212' title='bbox 380 2157 449 2202; x_wconf 86' lang='lat' dir='ltr'><strong>&#39;Ad</strong></span> <span class='ocrx_word' id='word_1_213' title='bbox 469 2167 512 2201; x_wconf 90' lang='lat' dir='ltr'><strong>te</strong></span> <span class='ocrx_word' id='word_1_214' title='bbox 534 2158 732 2217; x_wconf 80' lang='lat' dir='ltr'><strong>confugio</strong></span> <span class='ocrx_word' id='word_1_215' title='bbox 747 2192 759 2209; x_wconf 89' lang='lat'>‚</span> <span class='ocrx_word' id='word_1_216' title='bbox 786 2160 858 2217; x_wconf 88' lang='lat' dir='ltr'><strong>qui</strong></span> <span class='ocrx_word' id='word_1_217' title='bbox 882 2159 992 2202; x_wconf 82' lang='lat' dir='ltr'><strong>nosti</strong></span> <span class='ocrx_word' id='word_1_218' title='bbox 1009 2167 1311 2218; x_wconf 67' lang='lat' dir='ltr'><strong>repraesentare</strong></span> <span class='ocrx_word' id='word_1_219' title='bbox 1328 2159 1539 2218; x_wconf 90' lang='lat' dir='ltr'><strong>judicium</strong></span> <span class='ocrx_word' id='word_1_220' title='bbox 1562 2159 1672 2219; x_wconf 79' lang='grc'>(48).</span> <span class='ocrx_word' id='word_1_221' title='bbox 1698 2161 1752 2203; x_wconf 85' lang='lat' dir='ltr'><strong>Et</strong></span> 
     </span>
     <span class='ocr_line' id='line_1_28' title="bbox 381 2229 1750 2290; baseline 0.002 -18"><span class='ocrx_word' id='word_1_222' title='bbox 381 2229 492 2272; x_wconf 85' lang='lat' dir='ltr'><strong>bene</strong></span> <span class='ocrx_word' id='word_1_223' title='bbox 511 2244 597 2271; x_wconf 91' lang='lat' dir='ltr'><strong>non</strong></span> <span class='ocrx_word' id='word_1_224' title='bbox 622 2231 710 2272; x_wconf 85' lang='lat' dir='ltr'><strong>vult</strong></span> <span class='ocrx_word' id='word_1_225' title='bbox 725 2229 1103 2272; x_wconf 83' lang='lat' dir='ltr'><strong>calumniatoribus</strong></span> <span class='ocrx_word' id='word_1_226' title='bbox 1120 2230 1230 2272; x_wconf 85' lang='lat' dir='ltr'><strong>tradi</strong></span> <span class='ocrx_word' id='word_1_227' title='bbox 1247 2245 1256 2272; x_wconf 90' lang='lat'>:</span> <span class='ocrx_word' id='word_1_228' title='bbox 1277 2231 1411 2274; x_wconf 82' lang='lat' dir='ltr'><strong>multa</strong></span> <span class='ocrx_word' id='word_1_229' title='bbox 1424 2230 1538 2274; x_wconf 90' lang='lat' dir='ltr'><strong>enim</strong></span> <span class='ocrx_word' id='word_1_230' title='bbox 1554 2231 1638 2274; x_wconf 84' lang='lat' dir='ltr'><strong>Joh</strong></span> <span class='ocrx_word' id='word_1_231' title='bbox 1660 2247 1750 2290; x_wconf 87' lang='lat' dir='ltr'><strong>pas·</strong></span> 
     </span>
     <span class='ocr_line' id='line_1_29' title="bbox 383 2298 1751 2358; baseline 0.002 -16"><span class='ocrx_word' id='word_1_232' title='bbox 383 2314 452 2342; x_wconf 86' lang='lat' dir='ltr'><strong>sus</strong></span> <span class='ocrx_word' id='word_1_233' title='bbox 472 2307 535 2342; x_wconf 86' lang='lat' dir='ltr'><strong>est</strong></span> <span class='ocrx_word' id='word_1_234' title='bbox 552 2298 711 2357; x_wconf 85' lang='lat' dir='ltr'><strong>justus,</strong></span> <span class='ocrx_word' id='word_1_235' title='bbox 735 2308 958 2358; x_wconf 86' lang='lat' dir='ltr'><strong>postquam</strong></span> <span class='ocrx_word' id='word_1_236' title='bbox 985 2299 1163 2342; x_wconf 81' lang='lat' dir='ltr'><strong>traditus</strong></span> <span class='ocrx_word' id='word_1_237' title='bbox 1180 2308 1244 2342; x_wconf 86' lang='lat' dir='ltr'><strong>cst</strong></span> <span class='ocrx_word' id='word_1_238' title='bbox 1261 2301 1446 2344; x_wconf 88' lang='lat' dir='ltr'><strong>nocenti.</strong></span> <span class='ocrx_word' id='word_1_239' title='bbox 1475 2301 1559 2345; x_wconf 87' lang='lat' dir='ltr'><strong>Sed</strong></span> <span class='ocrx_word' id='word_1_240' title='bbox 1581 2301 1751 2357; x_wconf 85' lang='lat' dir='ltr'><strong>difficile</strong></span> 
     </span>
     <span class='ocr_line' id='line_1_30' title="bbox 381 2360 1751 2431; baseline 0.002 -19"><span class='ocrx_word' id='word_1_241' title='bbox 381 2360 460 2413; x_wconf 68' lang='lat' dir='ltr'><strong>fui&#39;t</strong></span> <span class='ocrx_word' id='word_1_242' title='bbox 477 2370 585 2413; x_wconf 88' lang='lat' dir='ltr'><strong>illud</strong></span> <span class='ocrx_word' id='word_1_243' title='bbox 602 2379 644 2414; x_wconf 89' lang='lat' dir='ltr'><strong>et</strong></span> <span class='ocrx_word' id='word_1_244' title='bbox 665 2372 823 2429; x_wconf 82' lang='lat' dir='ltr'><strong>grande</strong></span> <span class='ocrx_word' id='word_1_245' title='bbox 836 2379 1052 2414; x_wconf 84' lang='lat' dir='ltr'><strong>certamen</strong></span> <span class='ocrx_word' id='word_1_246' title='bbox 1068 2404 1078 2422; x_wconf 91' lang='lat'>,</span> <span class='ocrx_word' id='word_1_247' title='bbox 1090 2373 1204 2428; x_wconf 90' lang='lat' dir='ltr'><strong>quod</strong></span> <span class='ocrx_word' id='word_1_248' title='bbox 1220 2371 1298 2413; x_wconf 89' lang='lat' dir='ltr'><strong>nisi</strong></span> <span class='ocrx_word' id='word_1_249' title='bbox 1314 2371 1395 2414; x_wconf 56' lang='lat'><strong>‹101›</strong></span> <span class='ocrx_word' id='word_1_250' title='bbox 1414 2371 1541 2414; x_wconf 81' lang='lat' dir='ltr'><strong>nimia</strong></span> <span class='ocrx_word' id='word_1_251' title='bbox 1552 2371 1751 2431; x_wconf 79' lang='lat' dir='ltr'><strong>patientia</strong></span> 
     </span>
     <span class='ocr_line' id='line_1_31' title="bbox 378 2439 1750 2500; baseline 0.003 -17"><span class='ocrx_word' id='word_1_252' title='bbox 378 2439 494 2484; x_wconf 82' lang='lat' dir='ltr'><strong>haud</strong></span> <span class='ocrx_word' id='word_1_253' title='bbox 515 2441 638 2484; x_wconf 84' lang='lat' dir='ltr'><strong>facile</strong></span> <span class='ocrx_word' id='word_1_254' title='bbox 660 2442 885 2500; x_wconf 72' lang='lat' dir='ltr'><strong>quisquam</strong></span> <span class='ocrx_word' id='word_1_255' title='bbox 903 2457 1104 2500; x_wconf 88' lang='lat' dir='ltr'><strong>superare</strong></span> <span class='ocrx_word' id='word_1_256' title='bbox 1127 2441 1332 2500; x_wconf 86' lang='lat' dir='ltr'><strong>potuisset</strong></span> <span class='ocrx_word' id='word_1_257' title='bbox 1353 2442 1396 2492; x_wconf 78' lang='lat'><strong>⁶3</strong></span> <span class='ocrx_word' id='word_1_258' title='bbox 1420 2451 1561 2486; x_wconf 85' lang='lat' dir='ltr'><strong>tamen</strong></span> <span class='ocrx_word' id='word_1_259' title='bbox 1583 2444 1652 2487; x_wconf 90' lang='lat' dir='ltr'><strong>illc</strong></span> <span class='ocrx_word' id='word_1_260' title='bbox 1664 2458 1750 2487; x_wconf 91' lang='lat' dir='ltr'><strong>non</strong></span> 
     </span>
     <span class='ocr_line' id='line_1_32' title="bbox 379 2511 1766 2573; baseline 0 -19"><span class='ocrx_word' id='word_1_261' title='bbox 379 2519 493 2555; x_wconf 80' lang='lat' dir='ltr'><strong>totus</strong></span> <span class='ocrx_word' id='word_1_262' title='bbox 514 2521 577 2556; x_wconf 84' lang='lat' dir='ltr'><strong>est</strong></span> <span class='ocrx_word' id='word_1_263' title='bbox 598 2513 803 2564; x_wconf 78' lang='lat' dir='ltr'><strong>traditus,</strong></span> <span class='ocrx_word' id='word_1_264' title='bbox 828 2514 902 2557; x_wconf 88' lang='lat' dir='ltr'><strong>sed</strong></span> <span class='ocrx_word' id='word_1_265' title='bbox 925 2511 1101 2556; x_wconf 82' lang='lat' dir='ltr'><strong>meliore</strong></span> <span class='ocrx_word' id='word_1_266' title='bbox 1129 2521 1331 2572; x_wconf 82' lang='lat' dir='ltr'><strong>exceptus</strong></span> <span class='ocrx_word' id='word_1_267' title='bbox 1350 2522 1412 2557; x_wconf 83' lang='lat' dir='ltr'><strong>est</strong></span> <span class='ocrx_word' id='word_1_268' title='bbox 1428 2514 1636 2573; x_wconf 86' lang='lat' dir='ltr'><strong>portione.</strong></span> <span class='ocrx_word' id='word_1_269' title='bbox 1666 2514 1766 2567; x_wconf 88' lang='lat' dir='ltr'><strong>Qui.</strong></span> 
     </span>
    </p>
   </div>
   <div class='ocr_carea' id='block_1_3' title="bbox 382 2603 1748 2700">
    <p class='ocr_par' dir='ltr' id='par_1_5' title="bbox 382 2603 1748 2700">
     <span class='ocr_line' id='line_1_33' title="bbox 427 2603 1748 2649; baseline 0.003 -13"><span class='ocrx_word' id='word_1_270' title='bbox 427 2611 438 2627; x_wconf 82' lang='lat'><em>¹</em></span> <span class='ocrx_word' id='word_1_271' title='bbox 464 2603 549 2637; x_wconf 81' lang='lat' dir='ltr'><strong>Psal.</strong></span> <span class='ocrx_word' id='word_1_272' title='bbox 576 2615 699 2644; x_wconf 69' lang='lat' dir='ltr'><strong>nxxvn,</strong></span> <span class='ocrx_word' id='word_1_273' title='bbox 717 2606 772 2639; x_wconf 87' lang='lat'><strong>25.</strong></span> <span class='ocrx_word' id='word_1_274' title='bbox 794 2623 835 2630; x_wconf 83' lang='lat'>—</span> <span class='ocrx_word' id='word_1_275' title='bbox 859 2613 873 2629; x_wconf 75' lang='lat'>²</span> <span class='ocrx_word' id='word_1_276' title='bbox 892 2616 905 2640; x_wconf 86' lang='lat'>1</span> <span class='ocrx_word' id='word_1_277' title='bbox 928 2604 1008 2640; x_wconf 86' lang='lat' dir='ltr'><strong>Cor.</strong></span> <span class='ocrx_word' id='word_1_278' title='bbox 1024 2615 1068 2644; x_wconf 77' lang='lat' dir='ltr'><strong>vx,</strong></span> <span class='ocrx_word' id='word_1_279' title='bbox 1089 2615 1139 2648; x_wconf 83' lang='lat'><strong>¹7·</strong></span> <span class='ocrx_word' id='word_1_280' title='bbox 1169 2622 1209 2631; x_wconf 90' lang='lat'><strong>·-</strong></span> <span class='ocrx_word' id='word_1_281' title='bbox 1227 2607 1240 2631; x_wconf 85' lang='lat'>³</span> <span class='ocrx_word' id='word_1_282' title='bbox 1264 2605 1363 2641; x_wconf 87' lang='lat' dir='ltr'><strong>Num.</strong></span> <span class='ocrx_word' id='word_1_283' title='bbox 1381 2617 1486 2649; x_wconf 73' lang='lat' dir='ltr'><strong>xxm,</strong></span> <span class='ocrx_word' id='word_1_284' title='bbox 1509 2617 1555 2641; x_wconf 89' lang='grc' dir='ltr'><strong>ιο.</strong></span> <span class='ocrx_word' id='word_1_285' title='bbox 1575 2625 1616 2632; x_wconf 91' lang='grc'><strong>-</strong></span> <span class='ocrx_word' id='word_1_286' title='bbox 1636 2605 1748 2641; x_wconf 78' lang='lat' dir='ltr'><strong>⁴Psa1.</strong></span> 
     </span>
     <span class='ocr_line' id='line_1_34' title="bbox 382 2659 875 2700; baseline 0.008 -10"><span class='ocrx_word' id='word_1_287' title='bbox 382 2669 497 2699; x_wconf 72' lang='lat' dir='ltr'><strong>cxvm,</strong></span> <span class='ocrx_word' id='word_1_288' title='bbox 522 2659 591 2699; x_wconf 62' lang='lat'><strong>¹24·</strong></span> <span class='ocrx_word' id='word_1_289' title='bbox 607 2678 648 2686; x_wconf 88' lang='lat'><em>-</em></span> <span class='ocrx_word' id='word_1_290' title='bbox 668 2662 681 2685; x_wconf 75' lang='lat'><strong>¹5</strong></span> <span class='ocrx_word' id='word_1_291' title='bbox 700 2660 774 2695; x_wconf 91' lang='lat' dir='ltr'><strong>Job.</strong></span> <span class='ocrx_word' id='word_1_292' title='bbox 793 2672 829 2700; x_wconf 84' lang='grc' dir='ltr'>ιι,</span> <span class='ocrx_word' id='word_1_293' title='bbox 844 2660 875 2696; x_wconf 90' lang='grc'><strong>6.</strong></span> 
     </span>
    </p>
   </div>
  </div>
 </body>
</html>
