1800 3236
379 310 464 370 496
889 318 1227 356 ΑΝΝῡΤΛΤιοΝΕςέ

379 407 451 465 qui
483 422 599 450 arma
623 402 913 451 membrorum
936 408 1153 451 ducebant
1172 408 1267 451 loco
1287 423 1297 451 ε
1321 408 1394 452 sed
1417 418 1620 469 praeterea
1640 410 1744 455 fere-

375 479 481 523 bant
500 479 542 522 in
566 479 678 522 sasce
697 479 959 524 frumentum
979 494 1026 522 ac
1045 479 1163 522 cibos
1181 490 1291 539 saepe
1309 479 1355 523 in
1375 481 1619 539 quindecim
1637 482 1742 532 dies,

378 551 524 599 vallos,
545 550 729 593 sarcinas
747 559 788 592 et
811 550 902 593 alia.
933 549 1184 593 Man-sionis
1201 566 1283 594 vox
1299 552 1562 610 temporibus
1584 552 1744 596 affectae

375 614 593 667 latinitatis
614 637 691 680 pro
711 621 811 679 ipsis
825 621 981 669 castris
999 630 1200 680 usurpata
1222 630 1297 666 est.
1326 623 1527 666 Stativas
1546 623 1742 677 andiunt,

377 692 643 751 subintellige
668 693 787 738 sedes
808 682 1238 741 aut›,mansiones,„ita
1260 692 1423 743 scilicet
1445 709 1467 741 a
1487 694 1746 747 ,standodief

376 772 454 807 tas,
474 762 605 821 Negat
633 771 774 806 autem
791 762 816 806 J
822 762 1127 820 ustusLipsius
1151 763 1211 806 sic
1235 762 1319 806 dici
1340 779 1389 807 ea
1409 772 1570 815 castra,
1592 764 1746 823 inqui}

378 834 458 877 bus
498 833 620 877 miles
657 834 804 892 paucis
838 842 1005 894 tantu-m
1040 833 1188 876 diebus
1221 843 1522 878 commoretur.
1560 834 1645 878 Sed
1675 834 1746 878 ille

377 905 493 948 hunc
515 905 658 947 locum
675 919 761 946 non
777 905 951 963 legerat,
976 903 1321 964 quandoquidem
1348 905 1610 965 intercalaris
1626 905 1744 950 istius

378 976 529 1034 quietis
555 984 650 1034 post
672 973 844 1018 tertium
867 974 1079 1032 quemque
1101 975 1263 1018 itineris
1293 974 1405 1019 diem
1427 991 1637 1035 nusquam
1659 991 1744 1020 me-

374 1046 511 1090 minit.
541 1042 668 1099 Quod
687 1061 786 1089 vero
804 1036 947 1088 subdit
968 1045 1219 1088 Ambrosius
1237 1047 1289 1088 de
1305 1047 1428 1095 urbe,
1454 1047 1503 1088 in
1521 1062 1609 1104 qua
1623 1047 1746 1105 fessis

374 1117 636 1160 maronibus
655 1107 825 1173 'requies
841 1116 1146 1166 minist-retur,
1169 1131 1268 1166 enm
1285 1117 1439 1177 'loeium
1455 1117 1516 1160 ab
1536 1132 1589 1160 eo
1612 1114 1745 1176 desig-

376 1187 468 1232 nari
484 1187 697 1230 credimus
713 1221 723 1238 ,
752 1187 824 1244 qui
847 1186 993 1229 castris
1015 1186 1219 1245 hybernis
1246 1184 1534 1245 deligebatur.T
1552 1186 1746 1246 Denique

375 1259 629 1317 Imperator
655 1273 742 1300 non
763 1273 930 1316 semper
951 1257 1063 1300 idem
1085 1266 1148 1300 est
1166 1266 1292 1315 atque
1313 1274 1412 1308 rex,
1437 1258 1523 1302 sive
1546 1259 1744 1319 princeps

376 1329 489 1372 orbis
517 1329 710 1372 romani:
744 1330 818 1372 sed
844 1328 878 1371 is
913 1328 1040 1371 etiam
1069 1328 1250 1378 dicitur,
1275 1330 1351 1377 vel>
1373 1329 1444 1387 qui
1479 1330 1639 1373 bellum
1667 1345 1745 1375 suo

378 1400 510 1442 ductu
526 1407 606 1442 et
594 1399 777 1457 auspicis
797 1398 1178 1442 administrandum
1195 1399 1391 1458 suscipit,
1409 1401 1476 1443 vel
1495 1400 1568 1458 qui
1593 1400 1744 1444 occisis

323 1464 326 1465 ⁷
377 1471 421 1515 in
447 1471 537 1515 acie
570 1471 762 1529 legitimo
795 1471 982 1515 hostium
1013 1486 1193 1514 numero
1220 1472 1336 1520 hunc
1367 1471 1551 1531 honoris
1571 1471 1744 1530 titulum

376 1550 630 1586 consecutus
655 1550 730 1585 est.
765 1541 848 1585 Sed
880 1541 952 1599 qui
982 1543 1106 1600 plura
1135 1541 1187 1584 de
1212 1542 1292 1586 hac
1319 1550 1407 1586 tota
1432 1557 1480 1585 re
1509 1542 1741 1604 desiderat.

377 1615 499 1657 adeat
534 1613 734 1664 eumdem
769 1612 957 1671 Lipsium
1000 1613 1073 1656 lib.
1123 1629 1158 1657 v.
1199 1612 1268 1656 De
1311 1613 1485 1661 Militia
1520 1627 1710 1675 romana
1727 1645 1740 1666 ‚

375 1683 495 1733 Dial„
510 1699 542 1735 1,
561 1699 622 1735 lx,
646 1675 688 1727 x'1
714 1691 757 1727 et
772 1698 845 1727 x11.

1592 1807 1609 1821 Α

747 1882 992 1912 ΑΝΝοΤΑΤιο
1030 1866 1122 1927 (ι8)
1157 1883 1250 1927 pag.
1289 1868 1360 1926 94.

434 2027 653 2079 Lucenses
675 2028 764 2074 ludi
778 2037 899 2072 erant
922 2029 1032 2072 varia
1051 2029 1330 2073 certaminum
1351 2044 1526 2092 genera,
1544 2029 1600 2074 ita
1621 2029 1725 2075 dicti

373 2101 508 2162 qued‘
499 2118 540 2146 in
552 2101 683 2151 circo,
708 2101 751 2145 id
768 2108 847 2151 est,
869 2102 964 2144 loco
981 2101 1199 2144 circularis
1215 2101 1361 2160 figurae
1384 2101 1728 2163 celebrarentur:

373 2173 425 2219 ad
437 2174 699 2218 theatrorum
711 2181 852 2216 autem
866 2173 1105 2230 spectacula
1120 2185 1204 2214 non
1217 2174 1354 2216 solum
1362 2172 1577 2232 tragoediae
1589 2181 1633 2217 et
1659 2168 1737 2217 co-'·

371 2231 521 2291 inediae
540 2245 824 2306 pertinebant,
845 2246 919 2288 sed
937 2244 1063 2287 etiam
1086 2245 1328 2288 saltationes
1352 2228 1734 2304 pant'omi'm'oriim.'

372 2308 539 2364 Etenim
553 2318 839 2378 pantomimos
862 2308 1079 2360 saltatores
1097 2315 1221 2359 fuisse
1246 2318 1371 2361 docet
1385 2316 1600 2361 'Lucienus
1622 2317 1729 2361 Dial.

375 2389 436 2433 De
471 2390 730 2433 Sallatione.
758 2389 919 2432 Horum
957 2404 1022 2431 ars
1055 2395 1145 2430 erat
1179 2387 1267 2430 sine
1301 2402 1405 2432 voce
1440 2390 1735 2447 argumentum

370 2451 490 2523 gestu
510 2476 558 2504 ac
583 2460 757 2503 nulibus
787 2467 870 2502 tam
901 2458 1042 2501 native
1067 2466 1385 2516 representare,
1415 2457 1464 2502 ιιι
1487 2459 1592 2502 illud
1617 2473 1734 2518 spec-

369 2542 524 2594 tatores
541 2547 626 2574 non
642 2530 779 2573 solum
797 2529 954 2579 videre,
971 2529 1047 2572 sed
1066 2530 1305 2586 etquodam
1325 2529 1453 2572 modo
1477 2525 1623 2572 audii-e
1649 2525 1730 2572 sibi

367 2595 623 2673 viderentur.
657 2601 766 2645 Hinc
793 2600 1019 2651 Lucianus‚
1044 2602 1096 2642 δεῖ
1111 2621 1168 2642 τον
1193 2603 1392 2656 θεώμενον”
1376 2608 1513 2657 ορχὴσω
1533 2603 1588 2642 καὶ
1621 2600 1735 2654 κὼφον

371 2679 535 2728 συνιέναι,
554 2693 609 2717 και
629 2693 674 2728 μη
688 2675 868 2722 λαλέοντος
883 2678 975 2715 τοῦ
960 2674 1110 2728 ὅρχηστο
1097 2677 1133 2714 ῧ
1151 2677 1293 2716 ἀκούειν.
1318 2665 1460 2716 Hinc-'at
1481 2670 1732 2718 Cnssfodffi‘o
