1800 3236
362 293 445 339 362
489 283 492 285 ’
913 288 950 338 s.
983 286 1174 339 innuosa

358 388 530 438 ’‘sfirma,
561 384 780 446 sapientiae
803 386 1107 446 praedicatione
1135 386 1378 441 substantiae
1407 402 1493 432 suae
1519 372 1723 453 producit

363 470 380 503 i>
393 458 603 504 aetatem¹.
633 477 649 500 »
664 457 792 512 Quod
820 459 873 502 sit
894 457 1007 502 istud
1026 455 1312 519 voluntarium
1332 461 1416 504 oris
1444 459 1723 515 sacrificium,

361 530 620 589 recognosce
642 545 652 572 ε
677 547 694 569 <1
709 530 904 580 Immola,
929 530 1080 587 inquit,
1107 531 1196 573 Deo
1218 530 1474 575 sacrificium
1495 528 1632 576 laudis
1642 532 1673 576 ².
1699 552 1717 574 »

422 599 560 645 XXV.
595 598 800 658 Expectat
827 601 1036 643 Dominus
1059 601 1317 644 voluntarios
1347 602 1577 646 ministros.
1603 601 1751 649 Doni--

364 686 446 728 que
476 670 518 712 in
542 670 652 712 libro
683 670 814 713 Esa‘iae
844 670 947 714 dicit
976 670 1183 714 Dominus
1210 688 1220 714 ε
1247 689 1263 711 α
1289 672 1429 724 Quem
1455 673 1620 716 mittam
1638 671 1718 715 ³3⁹»

365 741 524 798 Utique
548 742 715 784 servulo
745 752 821 784 suo
850 749 1014 800 poterat
1043 739 1276 800 imperare,
1304 757 1430 799 quem
1458 738 1632 802 dignum
1658 744 1730 805 qui

364 812 633 863 mitteretur,
670 812 917 856 invenerat:
946 813 1021 856 sed
1049 813 1199 856 maluit
1223 829 1322 856 eum
1350 822 1591 872 spontaneae
1618 812 1731 859 ohla-

364 883 490 927 tionis
513 899 599 927 non
620 883 815 927 fraudare
832 886 1052 935 mercede,
1071 884 1143 943 qui
1160 893 1207 928 ut
1221 886 1310 944 ipse
1331 901 1374 929 se
1396 884 1580 930 offerret.
1606 903 1732 946 praes-

365 955 529 998 tolatus
551 962 627 997 est.
661 955 714 998 Et
745 955 935 1012 quamvis
965 955 1057 1013 ejus
1085 955 1212 998 sciret
1244 954 1471 1008 affectum,
1500 952 1736 1017 expectavit

365 1023 688 1069 tamen.vocem
709 1059 721 1076 ‚
749 1033 798 1067 ut
825 1027 1063 1069 cumularet
1093 1025 1286 1084 gratiam.
1321 1026 1442 1069 Unde
1473 1025 1518 1070 se
1555 1024 1736 1071 offerens

364 1083 507 1140 Esaias
529 1096 616 1139 ait.
642 1113 657 1136 α
680 1092 791 1139 Ecce
813 1112 918 1155 ego,
949 1097 1070 1139 mitte
1092 1096 1192 1140 me'·
1216 1113 1263 1140 x»
1284 1106 1327 1141 et
1344 1098 1403 1141 sic
1421 1106 1566 1161 postea
1586 1095 1736 1143 missus

366 1176 430 1210 est
454 1166 506 1209 ad
525 1167 742 1224 populum.
771 1166 872 1209 Ideo
894 1168 946 1209 de
968 1182 1018 1210 eo
1040 1167 1202 1211 dictum
1224 1175 1316 1211 est:
1333 1185 1350 1208 (ι
1372 1169 1482 1221 Quia
1502 1167 1644 1212 Esaias
1667 1185 1737 1227 au-

365 1255 382 1279 »
397 1236 484 1286 det,
511 1245 554 1279 et
576 1236 727 1279 dicit.
694 1236 707 1258 ⁵
744 1237 942 1280 »Etenim
959 1238 1077 1295 ‘quasi
1098 1239 1384 1282 voluntarium
1407 1251 1613 1299 organum
1635 1241 1736 1284 ube-
1747 1273 1751 1276 -

365 1306 477 1350 riore
496 1295 665 1364 spiritus
686 1307 750 1349 sui
768 1307 900 1366 gratia
924 1308 1115 1355 Christus
1134 1309 1338 1368 implevit.

387 1377 582 1422 *XXVI
619 1378 706 1421 Nec
729 1379 862 1421 otiose
888 1378 970 1421 hoc
1000 1380 1185 1438 positum
1208 1389 1341 1438 puto;
1375 1379 1474 1440 quia
1499 1378 1736 1426 voluntaria

364 1448 448 1491 'oris
478 1447 541 1490 sui
569 1448 740 1505 placere
766 1449 977 1492 desiderat
997 1450 1205 1494 'Domino.
1241 1450 1362 1494 Multi
1386 1450 1631 1511 Prophetae,
1661 1455 1736 1496 sed

366 1517 409 1562 in
434 1518 631 1561 omnibus
650 1518 733 1561 oris
755 1520 990 1562 voluntaria
1012 1522 1193 1579 placent.
1223 1521 1463 1567 Excusabat
1482 1514 1732 1574 Hieremias,

366 1588 538 1632 dicens.
556 1605 572 1628 ι(
591 1589 697 1641 Quis
714 1605 775 1639 es,
796 1591 1038 1634 dominator
1058 1592 1266 1635 Domine.
1255 1592 1274 1624 ἶ)
1289 1594 1402 1636 Ecce
1422 1592 1566 1652 nescio
1589 1587 1705 1652 loqui
1720 1627 1732 1644 ,

364 1658 489 1716 »quia
512 1658 708 1716 juvenior
724 1674 817 1703 sum
836 1677 926 1719 ego.
949 1662 1002 1704 Et
1024 1662 1126 1705 dixit
1147 1663 1186 1706 ei
1202 1659 1440 1707 Dominus:
1431 1655 1555 1707 ·Noli
1574 1664 1730 1715 dicere,

364 1729 490 1786 »quia
511 1728 706 1786 juvenior
727 1743 821 1773 sum
852 1746 955 1789 ego;
980 1732 1077 1789 quia
1108 1734 1160 1776 ad
1184 1748 1330 1777 omnes
1362 1731 1414 1777 ad
1423 1750 1734 1804 quoscumque

365 1799 549 1841 »misero
567 1808 624 1850 te,
646 1800 804 1850 abibis;
828 1809 870 1844 et
889 1804 1125 1845 secundum
1148 1804 1290 1848 omnia
1317 1818 1597 1863 quaecumque
1617 1821 1734 1848 man-

365 1869 549 1911 »davero
577 1869 653 1912 tibi
672 1902 683 1919 ,
724 1871 909 1928 loqueris
936 1871 967 1916 ⁶.
996 1891 1012 1913 >³
1040 1872 1292 1917 Verecunde
1322 1868 1541 1933 Propheta
1566 1872 1734 1939 aetatem

366 1939 556 1997 corporis
574 1940 888 1998 praetendebat,
909 1957 962 1985 ne
978 1932 1235 2001 exequendis
1253 1938 1527 1988 coelestibus
1515 1934 1732 2008 lmperatis

365 2009 501 2067 impar
522 2026 611 2053 esse
630 2011 912 2065 adolescentia
932 2013 1337 2072 deprehenderetur.
1365 2015 1450 2059 Sed
1464 2016 1579 2061 Deus
1597 2026 1646 2061 ut
1649 2018 1732 2097 ‘qui

364 2153 564 2201 randam,
596 2161 638 2196 et
667 2153 708 2195 in
732 2153 906 2210 juvenili
939 2170 1116 2214 corpore
1147 2157 1435 2201 maturitatem
1455 2156 1647 2202 robustae
1672 2137 1732 2211 sa-

365 2222 535 2281 pientiae
552 2223 595 2286 in
613 2239 689 2266 suo
706 2226 874 2268 servulo
891 2218 1155 2284 Praevideret‚
1179 2228 1262 2269 ait:
1280 2244 1296 2266 «
1314 2227 1408 2271 Noli
1425 2203 1588 2272 dicere:
1607 2229 1734 2274 Juve-

366 2293 490 2336 »nior
511 2309 604 2337 sum
623 2309 722 2353 ego,
749 2313 765 2335 1>
786 2294 869 2338 hoc
898 2305 985 2346 est,
1010 2297 1229 2355 prohibuit
1252 2312 1350 2340 eum
1374 2297 1570 2355 juvenilis
1597 2298 1741 2346 aetatis,

365 2362 722 2421 contemplatione
750 2365 860 2408 vires
881 2372 976 2409 suas
999 2368 1263 2425 perpendere
1278 2400 1289 2418 ‚
1313 2367 1381 2410 cui
1403 2361 1508 2411 fides
1530 2362 1728 2413 canitiem

365 2432 578 2490 sapientiae
613 2435 884 2479 ministraret.
926 2433 980 2480 Et
1016 2437 1172 2480 iterum
1208 2436 1251 2480 in
1289 2438 1593 2497 posterioribus
1629 2455 1727 2484 cum

363 2502 533 2546 dixisset
550 2503 662 2549 idem
682 2505 920 2565 Propheta:
938 2525 955 2548 α
970 2507 1182 2552 Seduxisti
1197 2524 1283 2560 me,
1304 2509 1502 2562 Domine,
1517 2519 1559 2555 et
1580 2513 1726 2565 seduc-

406 2615 416 2629 τ
437 2604 535 2640 Prov.
555 2617 601 2647 vx,
616 2607 694 2640 8.-
707 2616 720 2631 ·
739 2609 826 2643 Psal.
846 2622 931 2651 xux,
949 2613 1042 2652 nt.—
1060 2612 1076 2637 3
1095 2612 1171 2647 Isai-
1189 2622 1237 2654 vx,
1253 2611 1287 2646 8.
1300 2630 1340 2640 -
1354 2614 1369 2642 4
1387 2612 1473 2648 lbid.
1492 2623 1524 2657 9.
1536 2631 1575 2642 -
1596 2615 1609 2639 ⁵
1623 2613 1726 2648 Rom.

360 2669 394 2702 x,
414 2670 518 2693 20·-
531 2662 546 2685 6
565 2661 688 2696 Jerem.
706 2675 730 2704 ι,
744 2663 777 2704 6,
791 2664 830 2707 ’7.
