1800 3236
354 292 414 351 60
908 304 941 332 s.
980 298 1174 333 sunnosu
1240 312 1242 314 -

355 386 452 447 quia
487 392 584 430 sunt
612 381 790 442 inopes.
824 394 923 425 cum
954 388 1180 440 paupertas
1205 376 1370 461 facilius
1402 377 1456 424 sit
1477 356 1567 424 Deo
1596 374 1721 462 (κὴντι

354 475 483 520 quam
501 459 726 501 thesaurus
746 438 975 512 acceptior.
1699 469 1703 477 ‚

413 528 657 576 XXXVIII.
691 546 708 566 α
700 525 954 574 ‹Maledicti‚
979 523 1133 581 inquit,
1154 494 1498 580 quideclinanta
1517 485 1726 567 mandatis

358 602 483 645 »tuis
504 599 672 657 »Supra
689 588 876 641 dixerat·
893 613 910 635 α
926 595 987 639 Ne
1005 594 1239 637 abscondas
1256 608 1278 635 a
1290 607 1360 636 me
1375 593 1585 639 mandata
1591 601 1689 643 ωας
1700 597 1719 635 ι’

359 680 402 717 et
414 672 510 714 ideo
528 668 646 728 quasi
662 669 844 722 revelata
864 665 944 709 sibi
961 666 1159 708 mandata
1177 665 1461 722 cognoscens..
1472 664 1730 710 condemnat

361 756 432 785 eos
450 740 522 799 qui
540 738 847 782 declinaverint
865 752 886 780 a
902 735 1113 780 mandatis
1131 735 1384 778 coelestibus.
1406 734 1588 796 thgbene
1600 733 1726 780 dixin

371 830 388 852 «
409 811 496 864 Qui
518 810 764 869 declinant3
789 827 804 849 2)
819 808 1029 852 directum
1047 806 1162 858 enim
1182 807 1432 858 mandatum
1451 814 1540 857 est,
1562 805 1660 852 ideo
1676 805 1732 851 ab

363 897 413 927 eo
435 897 560 925 nemo
579 881 790 924 deflectat.
1590 903 1593 909 ⁴
1638 903 1641 905 ·

419 951 627 998 XXXIX.
669 951 808 996 Movet
839 957 980 993 autem
1009 965 1092 1007 qua
1123 948 1288 992 ratione
1315 948 1391 992 hic
1412 907 1611 997 dixerit
1624 965 1643 989 α
1634 900 1734 993 Νο

364 1040 381 1064 »
396 1023 634 1066 abscondas
653 1037 674 1064 a
697 1036 766 1064 me
782 1019 1001 1064 mandata
1005 1028 1130 1064 tua.»
1161 1019 1288 1072 Quod
1308 1019 1424 1062 enim
1441 1019 1733 1070 absconditur,

366 1093 597 1137 obscurum
629 1091 675 1134 fit
707 1099 749 1135 et
775 1092 1018 1140 occultum;
1044 1106 1143 1134 cum
1165 1105 1310 1149 supra
1317 1090 1500 1134 dixerit:
1525 1108 1543 1131 ι
1562 1080 1736 1136 Manda-

363 1173 486 1208 »tum
508 1150 678 1207 Domini
701 1163 920 1213 lucidum,
945 1162 1188 1206 illuminans
1212 1162 1387 1206 oculos¹
1396 1194 1406 1205 .
1435 1181 1452 1203 »
1477 1162 1522 1206 Si
1545 1162 1738 1209 lucidum

366 1236 614 1280 mandatum
629 1267 641 1284 ‚
665 1235 881 1292 quomedo
904 1233 1208 1284 absconditur;
1234 1249 1333 1276 cum
1364 1235 1594 1277 lucernam'
1610 1243 1737 1283 nemo

367 1314 497 1364 ponat
513 1306 591 1348 sub
609 1303 783 1347 modio?
803 1305 889 1348 Nisi
909 1302 1226 1348 forte'lueidum
1241 1314 1304 1348 est
1320 1319 1453 1347 unum
1470 1305 1739 1355 mandatum,

368 1377 502 1420 multa
525 1384 666 1419 autem
688 1378 886 1427 mandata
905 1377 1154 1420 abscondita
1170 1384 1282 1420 sunt.
1305 1375 1410 1420 Nam
1424 1393 1441 1415 α
1457 1375 1623 1426 Judicia
1639 1383 1736 1426 tua,

370 1465 387 1488 n
398 1447 553 1506 inquit,
578 1446 687 1489 sicut
710 1447 792 1505 ab)
795 1462 884 1489 ssus
901 1448 1036 1490 multa
1050 1446 1080 1490 ².
1103 1465 1119 1487 »
1150 1447 1243 1491 Non
1262 1442 1472 1505 judicium
1489 1446 1600 1490 sicut
1621 1446 1742 1504 abys-

374 1533 460 1567 sus,
484 1517 559 1560 sed
580 1516 737 1575 judicia
761 1517 974 1561 dicuntur.
1508 1548 1511 1550 -
1727 1554 1729 1557 ,

384 1587 520 1631 XL.
553 1586 661 1631 Vide
683 1595 824 1630 autem
846 1588 1054 1631 ordinem
1083 1587 1243 1647 Supra
1244 1588 1332 1631 ait:
1350 1605 1364 1627 α
1389 1587 1451 1632 Ne
1473 1587 1671 1646 repellas
1673 1601 1743 1638 me

367 1676 386 1714 Ι»
402 1673 424 1701 a
449 1658 660 1700 mandatis
683 1659 790 1708 tuis3
818 1677 833 1699 »
859 1659 900 1701 in
923 1659 1198 1716 sequentibus
1220 1660 1306 1703 ait:
1333 1677 1348 1699 α
1373 1659 1435 1703 Ne
1455 1659 1694 1702 abscondas
1719 1672 1742 1701 a

373 1744 472 1774 »me
502 1731 699 1773 mandata
723 1738 822 1787 ωας
845 1750 861 1769 »
882 1730 953 1774 hic
987 1731 1043 1773 ait
1060 1726 1072 1772 ἐ
1096 1748 1112 1770 (ι
1139 1731 1352 1784 Maledicti
1378 1731 1451 1788 qui
1471 1731 1686 1791 declinant
1717 1745 1744 1774 a

374 1799 612 1844 »mandatis
633 1801 729 1843 tuis.
754 1818 769 1840 »
790 1801 900 1845 Vere
918 1802 1134 1844 maledicti
1156 1801 1228 1858 qui
1248 1801 1465 1845 declinant
1492 1817 1511 1844 a
1535 1800 1744 1851 mandatis

374 1870 474 1920 tuis,
495 1871 565 1928 qui
587 1871 744 1913 referre
765 1872 943 1929 gratiam
967 1873 1233 1915 debuerunt:
1253 1872 1408 1931 primo,
1434 1873 1532 1930 quia
1548 1887 1633 1916 non
1649 1880 1745 1917 sunt

375 1941 532 1998 repulsi
555 1956 565 1983 :
591 1943 795 2001 secundo,
822 1943 917 2000 quia
941 1958 1026 1986 non
1050 1944 1255 1986 abscondi
1277 1959 1297 1985 a
1325 1960 1368 1987 se
1387 1944 1527 1987 divina
1547 1945 1746 2003 mandata

377 2020 641 2055 meruerunt.
667 2013 863 2055 Declinat
886 2028 986 2071 ergo
1005 2014 1152 2071 aliquis
1174 2015 1287 2072 quod
1304 2015 1479 2072 optavit.
1701 2002 1705 2005 .
1732 2060 1736 2063 ,

435 2081 546 2126 XLI.
580 2082 781 2141 Sequitur
801 2099 810 2126 τ
828 2102 843 2124 ι(
868 2083 1000 2127 Auser
1021 2100 1043 2127 a
1064 2100 1134 2127 me
1157 2086 1434 2144 opprobrium
1457 2094 1499 2129 et
1523 2095 1747 2145 contempf

378 2171 394 2194 »
407 2161 524 2203 tum3
545 2154 746 2210 quoniam
763 2154 1002 2197 testimonia
1023 2164 1094 2198 tua
1113 2155 1314 2212 exquisivi
1332 2155 1362 2200 ³.
1385 2175 1401 2196 »
1416 2156 1459 2200 Si
1477 2166 1747 2215 contemptus

379 2224 595 2288 opprobrii
613 2225 715 2270 loco,
726 2225 914 2275 ducitur,
929 2227 1143 2282 quomodo
1163 2226 1370 2284 scriptum
1383 2235 1468 2270 est:
1485 2244 1503 2266 κ
1521 2227 1749 2286 Contemp-

379 2294 542 2352 »Utibilia
570 2294 698 2352 hujus
728 2296 878 2351 mundi
909 2296 1035 2354 elegit
1057 2297 1170 2339 Deus
1186 2296 1230 2339 ⁵?
1252 2316 1267 2337 »
1293 2296 1378 2340 Sed
1406 2299 1627 2341 considera
1650 2298 1748 2356 quin

376 2366 527 2408 mundi
556 2367 891 2425 contemptibilia
922 2366 1026 2410 (lixit
1044 2398 1055 2416 ,
1078 2382 1163 2408 non
1185 2366 1275 2409 Dei.
1305 2368 1434 2419 Quod
1454 2369 1568 2411 enim
1596 2369 1639 2411 in
1665 2368 1748 2412 hoc

380 2438 540 2480 mundo
560 2439 899 2496 contemptibile,
923 2439 1007 2481 hoc
1027 2439 1259 2497 pretiosum
1281 2447 1344 2482 est
1367 2441 1479 2498 apud
1498 2441 1649 2484 Deum.
1672 2441 1749 2484 De'-

379 2508 508 2564 nique
525 2507 740 2550 humilitas
765 2509 807 2551 in
831 2510 913 2552 hoc
935 2511 1096 2553 mundo
1118 2511 1426 2564 contemnitur,
1452 2512 1527 2554 sed
1545 2511 1624 2555 Dei
1639 2511 1749 2569 judi-

381 2576 446 2620 cio
470 2578 784 2640 comprobatur.
813 2580 866 2622 Et
884 2579 918 2622 si
937 2579 1192 2622 Publicanus
1210 2596 1254 2622 se
1270 2581 1571 2636 humiliaverit,
1597 2582 1750 2625 exalta-

431 2678 440 2694 ·
463 2669 547 2702 Psal.
571 2681 664 2712 xviu,
682 2682 714 2714 9.
740 2690 780 2697 —
799 2682 811 2698 ²
833 2672 890 2706 Id.
904 2683 1001 2712 xxxv,
1020 2683 1051 2716 7.
1071 2691 1110 2697 —
1129 2674 1143 2698 ³
1157 2673 1208 2707 Id.
1229 2684 1344 2716 cxvm,
1363 2685 1416 2708 22.
1436 2675 1503 2703 -4
1525 2685 1538 2707 ι
1558 2674 1638 2716 Cor.
1651 2684 1675 2714 1,
1692 2671 1748 2707 28.
