1800 3236
431 293 652 355 urosmo
678 297 724 328 ιιι
753 299 943 332 rsmmu
972 303 1129 336 cxv111.
1377 296 1465 357 437

0 391 17 447 ἶ
88 388 189 431 juon
216 374 454 437 puniuntur
483 351 654 421 sceleris
683 379 746 423 rei
773 380 967 435 barbari,
1001 386 1159 444 quod’
1146 403 1190 431 m
1226 403 1301 434 sua
1333 402 1459 451 gente

100 445 417 496 commiserint,
440 446 538 505 quia
558 462 644 492 non
661 459 759 494 sunt
774 452 855 496 sibi
869 454 1056 505 subditi,
1085 458 1159 500 sed
1173 456 1363 516 graviore
1377 479 1458 506 no-

98 517 215 562 mino
234 517 377 562 hostes
397 517 632 569 habentur,
654 520 729 578 qui
749 522 840 566 sine
855 524 1183 585 interrogatione
1197 530 1349 588 privati
1367 548 1460 576 sce-

99 588 200 632 leris
218 588 467 648 puniuntur.
497 588 560 632 Ita
585 597 630 633 et
647 590 841 637 Christus
860 610 957 638 suos
976 598 1152 656 castigat
1172 615 1279 658 quos
1294 601 1453 661 diligit,

101 660 260 704 alienos
286 667 487 719 tanquam
514 663 698 719 generali
720 665 992 710 damnatione
1012 668 1237 728 impietatis
1262 673 1458 718 astrictos

98 746 236 792 poenae
281 732 411 776 donat
452 741 643 784 aeternae3
671 752 689 774 ι
722 735 955 781 Novissima
1002 741 1149 785 enim..
1214 744 1459 789 destruetur

99 802 272 846 »ωσι-ε’
301 811 402 846 :net
428 811 570 847 tamen
600 807 840 851 verecunde
869 809 998 852 docet
1024 810 1234 869 Propheta
1263 817 1460 874 exemplo

99 874 192 924 sui3
215 882 264 918 ut
283 874 412 918 etiam
430 874 505 932 qui
525 874 678 918 diffidit
707 877 909 935 operibus
936 880 1051 931 suis,
1081 891 1255 942 propter
1282 885 1463 930 verbum

98 954 243 990 tamen
260 945 339 990 Dei
361 946 680 990 clementiorem
701 957 845 1007 speret
864 952 1132 996 sementiam.

156 1015 296 1061 XXV.
333 1016 450 1061 Alius
470 1026 645 1076 propter
663 1019 826 1063 divitias
842 1021 983 1064 vivere
998 1024 1143 1082 cupit,
1168 1025 1274 1069 alius
1288 1037 1463 1086 propter

95 1086 205 1131 filios
225 1103 236 1130 ε
255 1088 325 1131 hic
352 1096 527 1146 propter
556 1089 735 1132 verbnm
755 1090 832 1133 Dei
865 1091 1068 1135 vivificari
1096 1094 1228 1152 petit,
1255 1095 1366 1140 sicut
1391 1096 1460 1140 Si-

0 1164 15 1172 ‘
94 1173 223 1202 meon
240 1158 411 1202 Domini
435 1158 674 1217 expectavit
689 1160 944 1210 adventum3
969 1161 1070 1204 vidit
1098 1163 1214 1206 enim
1230 1164 1462 1210 Dominum

3 1237 18 1274 ,’
95 1228 141 1272 in
165 1230 351 1288 templo,
378 1237 423 1272 et
456 1230 514 1272 ait
537 1229 721 1273 „Nune
755 1230 933 1274 dimittis
963 1246 1132 1275 servum
1167 1242 1288 1277 tuum
1292 1267 1380 1278 .....
1422 1236 1466 1279 in

13 1309 20 1327 ³
95 1315 254 1359 »pace3
278 1300 377 1358 quia
403 1299 600 1342 viderunt
631 1300 744 1343 oculi
776 1301 860 1344 mei
886 1303 1069 1344 salutare
1097 1311 1220 1347 tuum
1245 1303 1262 1326 ²
1282 1320 1294 1347 τ
1313 1320 1459 1348 nasse-

3 1363 19 1433 f
93 1386 194 1415 rens
222 1371 391 1415 vivendi
420 1371 502 1414 sibi
537 1371 816 1429 cupiditatem
848 1372 972 1415 aliam
1005 1387 1092 1416 non
1131 1374 1285 1425 fuisse,
1309 1377 1390 1419 nisi
1417 1386 1467 1420 ut

97 1440 315 1485 Christum
335 1442 510 1485 videret.
530 1440 724 1499 Denique
745 1441 871 1492 vidit,
894 1450 938 1485 et
953 1443 1133 1487 vinculis
1147 1444 1254 1487 solvi
1272 1447 1463 1505 corporis

93 1513 333 1571 postulavit.

151 1583 312 1629 XXVI.
347 1585 577 1628 Possumus
600 1584 731 1627 etiam
754 1584 988 1643 intelligere
1014 1585 1227 1630 :andica
1244 1587 1456 1645 judicium

1 1648 8 1672 ³
94 1670 286 1705 uncum,
306 1674 323 1696 »
334 1655 454 1714 quasi
473 1655 640 1714 gravior
651 1655 807 1698 anobis
827 1670 954 1699 causa
970 1656 1023 1699 sit
1040 1657 1094 1699 de
1107 1656 1269 1714 judicio
1285 1666 1430 1701 nostro
1441 1679 1465 1708 ‚·

12 1723 18 1727 ’
94 1741 223 1785 quam
244 1725 298 1769 de
318 1740 463 1768 errore
488 1725 680 1768 dicenda.
707 1725 876 1768 Eri-anti
903 1726 1020 1769 enim
1045 1726 1212 1769 facilius
1239 1729 1366 1770 datur
1384 1743 1461 1771 ve-

94 1797 163 1840 nia
177 1829 191 1847 ,
213 1811 342 1855 quam
366 1795 562 1854 improbe
583 1795 626 1837 in
653 1794 782 1837 alium
806 1795 1028 1852 judicanti.
1050 1796 1232 1840 Necesse
1249 1806 1314 1840 est
1341 1798 1457 1841 enim

2 1892 15 1922 χ
94 1882 188 1911 eam
209 1867 390 1910 sormam
411 1866 455 1908 in
474 1874 518 1908 te
538 1865 678 1908 redire
698 1865 872 1923 judicii,
898 1881 1027 1923 quam
1048 1866 1093 1909 in
1117 1867 1248 1917 alium
1272 1867 1362 1926 ipse
1382 1870 1463 1911 de-

95 1937 353 1980 cernendam
372 1935 600 1994 putaveris.

95 2025 98 2028 ’
151 2007 333 2052 XXVII.
367 2006 570 2064 Sequitur
598 2015 743 2048 versus
765 2006 915 2048 tertius
935 2021 980 2049 :c
1004 2006 1151 2066 Longe
1170 2016 1236 2050 est
1263 2022 1286 2050 a
1306 2023 1461 2065 pecca-

16 2116 21 2123 „
94 2097 114 2120 ι
124 2079 289 2123 toribus
304 2077 415 2120 salus
424 2094 438 2126 ς
456 2076 657 2134 quoniam
675 2076 856 2133 justitias
872 2085 967 2119 tuas
981 2091 1066 2119 non
1078 2077 1369 2134 exquisierunt
1383 2077 1415 2120 ⁸.
1430 2096 1448 2117 ι

95 2150 290 2204 Quorum
309 2163 451 2192 serum
474 2155 539 2190 est
558 2146 766 2204 judicium
780 2180 791 2196 ‚
815 2161 966 2188 eorum
985 2148 1095 2189 salus
1122 2148 1248 2204 louge
1270 2155 1365 2189 est:
1385 2148 1461 2190 sed

4 2232 15 2252 ²
95 2220 174 2280 ipsi
189 2227 287 2263 sunt
306 2219 370 2262 sui
392 2226 586 2260 auctores
601 2204 780 2274 pericuii
793 2249 804 2265 ,
829 2217 901 2274 qui
923 2216 1107 2259 Domino
1128 2232 1215 2259 non
1231 2217 1465 2275 appropin-

18 2308 22 2312 “
96 2297 294 2348 quarunt.
325 2289 428 2331 Ideo
458 2287 559 2330 sacti
587 2295 688 2329 sunt
713 2288 864 2345 longe,
889 2286 988 2344 quia
1006 2287 1225 2329 voluntate
1254 2301 1330 2328 sua
1352 2301 1375 2328 a
1396 2301 1466 2328 sa-

6 2383 19 2410 ς
96 2351 196 2404 linis
210 2375 255 2402 se
270 2358 403 2417 gratia
421 2365 734 2416 separaverunt.
755 2357 848 2399 Non
866 2355 1021 2413 refugit
1034 2371 1107 2398 eos
1122 2356 1234 2398 salus
1249 2388 1261 2404 ,
1284 2357 1360 2397 sed
1381 2355 1465 2413 ipi

16 2424 19 2427 ¹
99 2431 301 2478 salutem,
324 2429 398 2486 qui
424 2443 469 2471 se
498 2429 818 2486 elongaverunt.
846 2426 971 2469 Venit
994 2427 1049 2468 ad
1067 2426 1261 2474 Judaeos,
1285 2426 1360 2467 sed
1379 2424 1462 2483 ipsi

3 2510 21 2538 I
99 2503 276 2545 salutem
291 2515 379 2543 non
394 2506 662 2557 receperunt.
679 2498 907 2551 Quomodo
924 2512 1010 2539 non
1023 2495 1306 2555 receperunt?
1321 2495 1434 2538 Audi
1440 2527 1453 2544 ,

3 2576 18 2628 f
98 2571 224 2615 «lesus
234 2571 345 2614 salus
359 2577 440 2621 est,
457 2569 580 2612 Jesus
592 2567 703 2611 filius
715 2567 899 2611 hominis
914 2576 1184 2625 nuncupatus
1194 2573 1281 2608 est:
1299 2584 1317 2603 ι
1331 2563 1461 2610 Venit

148 2673 159 2689 ¹
182 2674 195 2697 ι
212 2662 293 2697 Cor.
309 2672 364 2702 xv,
378 2662 420 2695 26
447 2677 490 2687 -
507 2670 521 2688 ι
533 2662 618 2696 Luc.
637 2671 675 2704 ιι,
691 2671 747 2708 29,
764 2660 818 2694 50.
834 2677 875 2688 -
893 2660 908 2685 ³
921 2658 1005 2695 Psal-
1020 2669 1133 2696 enm,
1154 2658 1227 2692 1⁵⁵.
