1800 3236
382 294 440 346 '26
931 310 963 337 s.
1004 308 1198 337 Amnnosu

386 384 566 442 quisque
588 376 804 428 hominem
834 385 886 428 ad
908 384 1134 443 imaginem
1157 391 1200 427 et
1220 383 1539 428 similitudinem
1557 384 1637 428 Dei
1656 384 1746 428 fac-

385 463 495 506 tum,
513 457 686 500 rationis
701 472 919 515 capacem,
937 457 1009 514 qui
1025 465 1182 499 terram
1201 471 1321 500 suam
1336 458 1529 501 excolere
1545 465 1747 514 tanquam

385 528 523 573 bonus
554 528 735 585 agricola
756 529 910 572 debeat
931 537 1070 571 aratro
1092 529 1303 585 quodam,
1327 537 1369 572 et
1386 528 1493 572 falce
1508 529 1746 587 sapientiae3

385 606 433 641 ut
453 600 519 644 vel
539 600 645 642 dura
666 598 898 648 findantur,
923 600 990 642 vel
1015 598 1271 642 luxuriantia
1294 600 1539 642 recidantur
1558 614 1570 641 τ
1586 599 1667 657 ‘qui
1683 598 1751 641 in·-

364 668 583 712 .fcri0rem
607 669 671 712 sui
694 669 933 727 portionem
961 669 1090 712 animi
1110 669 1288 728 imperio
1313 670 1466 713 debeat
1486 667 1752 728 gubernare?

391 739 511 781 Unde
533 739 661 782 etiam
683 740 724 782 in
744 740 855 798 Lege
883 740 1089 798 scriptum
1112 749 1177 784 est
1196 755 1206 783 ε
1232 758 1248 780 α
1264 741 1449 788 Αῐῐοιᾱο
1472 739 1574 790 tihi,
1600 754 1654 782 no
1680 738 1755 790 fiat

389 810 597 852 »verbum
623 810 922 854 absconditum
950 811 993 854 in
1019 811 1150 854 corde
1169 811 1287 854 tuo¹.
1317 829 1333 851 »
1352 800 1473 865 Tibi,
1505 810 1667 868 inquit,
1690 818 1755 852 at-

390 882 542 930 tende,
565 896 652 923 non
669 881 817 938 utique
838 882 943 924 dicit
962 883 1156 940 pecuniae
1178 890 1283 931 tuae,
1305 897 1392 924 non
1421 871 1756 941 possessionibus

391 951 500 1002 tuis,
523 968 608 995 non
629 953 789 996 viribus
814 954 1005 1012 corporis
1025 968 1035 996 z
1066 953 1140 997 sed
1166 954 1307 997 animo
1330 962 1404 996 tuo
1426 968 1475 996 ac
1496 953 1630 996 menti
1651 961 1754 1001 tuae:

391 1024 506 1065 unde
529 1025 670 1067 omnia
693 1025 887 1074 consilia,
908 1025 1017 1068 sacta
1032 1058 1043 1075 ,
1069 1025 1638 1083 cogitationesque'manant.
1662 1023 1759 1068 Tibi

393 1108 493 1151 ergo
507 1096 677 1137 attende
689 1095 763 1145 ihi,
776 1096 850 1138 ubi
864 1096 1073 1154 potiorem
1086 1091 1181 1139 esse
1191 1103 1233 1139 te
1246 1095 1370 1138 nosti.
1387 1094 1542 1139 Nosce(
1546 1103 1588 1138 te
1603 1094 1757 1152 ipsum,

394 1166 509 1221 quod
521 1164 865 1224 ApolliniPythio
881 1167 1093 1224 assignant
1109 1167 1285 1225 gentiles
1302 1166 1396 1216 viri,
1414 1165 1535 1224 quasi
1545 1165 1637 1225 ipse
1658 1180 1763 1208 auc-

394 1241 463 1276 tor
486 1233 613 1277 suerit
631 1235 759 1293 hujus
788 1237 1033 1286 sententiae3
1058 1252 1158 1280 cum
1188 1237 1242 1279 de
1257 1244 1403 1280 nostro
1432 1234 1684 1298 usurpatum
1709 1235 1764 1278 ad

396 1320 469 1348 sua
480 1307 747 1356 transferant,
761 1310 935 1367 etlonge
959 1309 1146 1352 anterior
1165 1310 1330 1367 Moyses
1347 1309 1490 1358 suerit,
1504 1308 1577 1366 qui
1596 1307 1765 1367 scripsit

373 1364 382 1370 l
397 1375 556 1418 librum
576 1377 897 1421 Deuteronomii
911 1413 922 1427 .
940 1395 1067 1436 quam
1090 1380 1331 1438 philosophi
1351 1379 1424 1437 qui
1435 1379 1513 1422 ista
1529 1377 1758 1421 finxerunt.

459 1446 575 1491 XIV.
622 1450 742 1492 Unde
778 1458 820 1492 et
855 1449 1057 1503 Salomon
1096 1453 1319 1493 oraculum
1365 1449 1556 1493 divinum
1595 1452 1767 1491 secutus

403 1517 570 1574 scripsit
605 1517 648 1560 in
676 1519 860 1562 Canticis
891 1521 1183 1564 canticorum:
1221 1521 1341 1565 «Nisi
1373 1521 1481 1564 scias
1500 1528 1543 1563 te
1565 1519 1765 1563 decoram

403 1605 419 1627 n
434 1588 545 1630 inter
560 1589 784 1632 mulieres²
801 1608 813 1639 3
834 1609 850 1630 »
874 1590 955 1633 hoc
977 1600 1064 1641 est,
1088 1591 1169 1634 nisi
1190 1586 1422 1650 cognoscas
1444 1599 1491 1634 te
1513 1591 1739 1633 mortalem
1753 1621 1765 1637 ‚

403 1659 675 1709 rationalem,
698 1670 741 1703 et
761 1661 844 1703 cito
861 1669 934 1703 tua
952 1671 1126 1719 peccata
1146 1662 1339 1710 fatearis,
1363 1663 1449 1705 cito
1473 1661 1588 1704 dicas
1611 1660 1769 1718 iniqui-

404 1737 510 1771 tates
527 1737 620 1772 tuas
640 1738 687 1772 ut
709 1730 976 1787 justificeris3
996 1732 1076 1774 nisi
1092 1733 1368 1782 convertaris,
1393 1741 1436 1775 et
1457 1732 1574 1790 prior
1595 1746 1771 1774 accuses

405 1800 557 1842 delicta
578 1809 648 1843 tua
663 1834 674 1851 ,
693 1801 807 1845 venit
823 1802 911 1844 dies
927 1804 1077 1860 mortis
1090 1838 1102 1853 ,
1119 1811 1163 1846 et
1182 1804 1268 1861 jam
1292 1805 1458 1847 nullum
1480 1802 1771 1864 conversionis

406 1871 643 1915 remedium
664 1881 756 1915 est:
785 1875 1027 1931 praeveniris
1054 1876 1155 1918 dum
1179 1890 1263 1917 non
1285 1875 1457 1934 cogitas.
1477 1874 1682 1918 Accende
1706 1873 1772 1916 fa-

409 1946 503 1985 cem
524 1951 664 1992 tuam,
683 1945 799 2002 prius
820 1961 944 2002 quam
979 1945 1131 2003 Sponsi
1167 1946 1245 1989 tibi
1275 1948 1501 1990 claudatur
1525 1947 1678 2004 janua,
1699 1945 1772 2003 qui

365 2057 369 2062 ,
410 2023 633 2072 expectare
648 2016 721 2058 diu
736 2032 822 2059 non
844 2019 949 2060 solet
967 2018 1236 2075 negligentes.
1266 2036 1282 2057 α
1299 2018 1386 2062 Nisi
1402 2009 1509 2062 scias
1530 2027 1572 2061 te
1588 2053 1598 2069 ‚
1618 2018 1772 2076 inquit,

411 2101 428 2123 1>
442 2086 640 2128 decoram
660 2086 771 2128 inter
792 2088 1016 2135 mulieres;
1035 2106 1052 2127 ι)
1080 2097 1123 2131 et
1145 2089 1260 2131 dicas
1279 2104 1290 2131 :
1321 2107 1337 2127 α
1354 2089 1490 2132 Fusca
1516 2104 1611 2132 sum
1633 2096 1676 2131 et
1698 2089 1776 2131 de-

410 2173 426 2194 »
441 2154 562 2197 cora³
585 2171 594 2197 :
618 2174 634 2195 »
655 2156 768 2199 fusca
794 2172 914 2205 sum,
937 2158 1034 2214 quia
1056 2154 1227 2215 peccavi
1251 2173 1261 2200 ε
1286 2161 1360 2202 sed
1384 2160 1565 2207 decora,
1587 2149 1686 2216 quia
1709 2158 1777 2200 ‹ii-

410 2227 532 2284 ligor,
558 2228 654 2284 quia
675 2244 807 2286 genus
831 2245 925 2270 sum
954 2228 1157 2278 Abrahae,
1181 2230 1367 2272 electum
1389 2245 1543 2288 genus,
1569 2231 1775 2274 dilectum

334 2333 339 2336 .
410 2296 530 2340 Deo:
558 2298 664 2342 nihil
692 2299 767 2341 tibi
789 2300 978 2356 proderit
998 2308 1166 2358 patrum
1195 2300 1353 2358 gratia;
1382 2310 1531 2358 potens
1566 2310 1630 2344 est
1661 2301 1789 2356 enim>

414 2368 527 2411 Deus
549 2370 602 2412 de
621 2370 832 2427 lapidibus
852 2371 941 2413 istis
964 2371 1168 2417 suscitare
1189 2369 1298 2412 filios
1315 2370 1510 2413 Abrahae.
1543 2371 1596 2413 Et
1616 2371 1718 2413 alibi
1733 2371 1780 2414 in

415 2439 643 2496 Evangelio
668 2440 826 2498 legisti,
854 2441 950 2497 quia
972 2441 1152 2483 Abrahae
1174 2440 1304 2486 filiam
1321 2441 1466 2499 ligavit
1487 2441 1680 2484 diabolus
1700 2457 1793 2487 nee·

420 2509 559 2566 quitiae
583 2525 668 2552 suae
689 2511 888 2570 vinculis,
921 2526 1060 2568 quam*
1080 2512 1203 2557 solvit
1230 2512 1438 2555 Dominus
1470 2511 1541 2564 die
1565 2511 1772 2556 sabhaw.

418 2579 506 2629 Nisi
527 2594 628 2637 ergo
649 2580 755 2625 scias
771 2589 836 2631 te,
858 2581 963 2624 nihil
978 2582 1055 2624 tibi
1071 2583 1273 2640 proderit.
1295 2583 1348 2625 Et
1369 2582 1403 2626 si
1428 2582 1542 2627 dicas
1562 2598 1572 2625 :
1595 2582 1795 2627 Abrahm.

467 2681 477 2700 ³
494 2674 592 2709 Deut.
607 2684 659 2712 xv,
674 2687 706 2722 9.
719 2692 760 2700 ·--
774 2684 787 2700 ³
804 2675 902 2711 Cant.
920 2686 947 2717 ι,
965 2686 998 2723 7.
1011 2693 1051 2701 —
1065 2677 1081 2701 ³
1097 2674 1185 2709 lbid.
1201 2674 1233 2718 4.
1256 2692 1297 2710 -e-
1315 2676 1421 2711 4Luc.
1436 2687 1510 2716 xm,
1532 2675 1638 2713 ιι-ιΞ.
