1800 3236
363 284 421 350 76
589 268 594 272 ”
916 296 950 331 s.
989 292 1180 331 Amnosn
1224 289 1230 294 “

359 395 445 426 non
471 378 588 441 quasi
623 379 824 426 naturalis
861 378 1057 437 iniquitas
1087 378 1140 422 sit
1169 376 1212 421 in
1233 374 1382 430 nobis}
1417 377 1492 423 sed
1511 373 1724 438 majorum

359 461 454 512 post
475 460 649 512 peccata
670 450 934 495 cumentium
955 450 1009 492 sit
1031 450 1172 493 attrita
1173 449 1385 509 vestigiis.

416 523 578 568 XXIII.
616 523 851 580 Meritoque
876 522 972 579 quia
994 523 1145 564 vulnus
1162 522 1343 579 guande,
1364 536 1412 564 ac
1434 529 1553 565 vetus
1569 528 1654 573 est,
1678 529 1722 567 et

360 593 432 636 diu
453 608 624 651 serpens
637 625 648 643 ,
680 593 941 651 perfectioris
961 587 1183 634 medicinae
1204 591 1391 635 remedia
1409 592 1623 651 deposcit,
1640 594 1723 636 ob-

361 680 531 708 secrans
553 672 601 708 ut
615 664 784 707 Domini
801 664 987 722 legitima
1004 663 1273 706 miseratione
1283 672 1468 707 curetur.
1491 664 1586 708 Cito
1606 665 1726 711 enim.

358 733 580 777 refricatur
600 735 750 777 vulnus
766 766 777 784 ,
797 735 913 792 quod
923 741 1116 777 sanatum
1131 734 1353 776 medicinae
1366 734 1728 793 legenon³fuerit‘;i

355 803 441 847 imo
470 804 598 847 etiam
634 805 835 848 seriorem
857 805 1020 857 curatio
1044 805 1171 848 sentit
1193 804 1446 864 profectum.
1481 806 1667 863 Ideoque
1686 805 1730 849 si'

355 875 467 919 virus
495 876 538 919 in
565 876 764 920 interiora
794 877 1025 935 proserpit,
1056 865 1368 930 medicamenta
1402 875 1504 919 foris
1531 876 1723 935 apposita

356 961 442 989 non
463 947 601 990 sentit.
629 947 765 1006 Exigit
796 963 897 1006 ergo
925 947 1146 990 medicinae
1169 946 1276 990 ratio
1291 980 1302 997 ‚
1325 954 1374 989 ut
1405 955 1478 990 aut
1503 947 1720 999 sectione,

353 1016 428 1060 'aut
456 1019 675 1062 adustione
705 1028 889 1063 curetur.
930 1019 1016 1062 Nisi
1043 1019 1155 1062 enim
1186 1018 1423 1077 putrefacta
1458 1018 1720 1072 recidantur,

358 1096 430 1130 aut
459 1088 615 1132 humor
644 1090 803 1133 inutilis
830 1091 1110 1147 decoquatur,
1138 1089 1293 1132 frustra
1326 1088 1548 1131 medicinae
1571 1103 1724 1132 manus

357 1158 612 1202 adhibentur
633 1161 686 1203 ad
702 1162 888 1203 vulnera.
911 1161 1097 1217 Ideoque
1115 1160 1252 1202 bonus
1269 1152 1462 1202 medicus
1478 1159 1725 1217 hujusmodi

357 1244 516 1286 aegrum
539 1230 724 1288 legitime
745 1231 847 1274 dicit
868 1246 958 1274 esse
980 1231 1240 1280 eurandum3
1275 1238 1323 1272 ut
1357 1230 1488 1293 possit
1513 1229 1725 1273 medicina

357 1298 577 1357 proficere.
605 1300 716 1358 Lege
733 1315 832 1358 ergo
854 1301 1099 1350 miseretur,
1119 1300 1191 1358 qui
1210 1315 1308 1342 cum
1322 1300 1480 1358 justitia
1497 1300 1727 1358 sapientia-

361 1384 443 1427 que
465 1370 714 1419 miseretur3
740 1379 787 1414 ut
809 1386 856 1429 ea
879 1371 1063 1414 dimittat
1084 1373 1176 1428 quae
1197 1371 1277 1413 scit
1286 1370 1382 1428 jure
1403 1385 1526 1429 posse
1542 1370 1697 1413 dimitti
1709 1387 1723 1421 3

358 1455 412 1485 ne
433 1456 531 1484 eum
549 1442 719 1486 alterius
741 1443 981 1492 miseretur,
1003 1458 1046 1485 se
1071 1443 1209 1502 ipsum
1229 1443 1312 1500 legi
1329 1441 1456 1484 saciat
1477 1441 1723 1486 obnoxium.·

359 1513 476 1572 Agag
507 1522 729 1571 postquam
760 1513 1030 1557 misera-tione
1069 1514 1248 1556 donatus
1285 1521 1373 1563 est,
1411 1513 1512 1556 fecit
1548 1513 1726 1571 peccare

359 1583 473 1627 Saiil.
500 1585 695 1628 Peccavit
715 1585 890 1628 enimin
911 1586 1000 1644 ipsa
1021 1583 1311 1628 misericordia
1325 1617 1337 1634 ,
1364 1592 1407 1627 et
1423 1584 1519 1627 ideo
1535 1585 1727 1644 peccavit

359 1665 454 1714 post
476 1656 823 1700 misericordiam.

417 1726 574 1771 XXIV.
614 1726 941 1770 Consideremus
971 1727 1122 1776 etiam,
1157 1742 1211 1769 ne
1238 1734 1281 1769 et
1311 1725 1449 1784 ipsum
1473 1726 1727 1771 deteriorem

358 1796 583 1847 faciamus,
610 1798 731 1855 cujus
749 1798 998 1839 miseremur
1022 1797 1189 1854 injuste.
1217 1797 1475 1853 Plerumque
1495 1796 1610 1838 enim
1638 1812 1727 1840 non

362 1865 560 1910 coercere
591 1868 883 1925 delinquentes
914 1867 1086 1925 majoris
1125 1867 1387 1910 auctoritatis
1418 1875 1510 1917 est,
1545 1882 1672 1924 quam
1693 1867 1729 1911 si

361 1937 580 1981 ulciscaris*
605 1937 711 1994 (16).
748 1938 993 1980 Traduntur
1014 1938 1128 1981 enim
1147 1938 1188 1980 in
1221 1938 1434 1996 passiones
1463 1937 1724 1996 ignominiae.5

361 2007 619 2064 quicumque
641 2008 800 2064 aliquid
820 2008 1093 2051 inhonestum
1117 2009 1422 2052 commiserunt
1439 2041 1451 2060 ,
1476 2010 1728 2066 nullumque

363 2078 496 2135 culpae
518 2078 701 2136 pretium
723 2079 877 2122 serunt.
900 2079 1091 2136 Denique
1114 2094 1185 2121 eos
1208 2079 1279 2136 qui
1302 2079 1571 2137 cognitorem·
1589 2079 1736 2131 Deum-

362 2156 536 2191 suorum
571 2150 779 2204 scelerum
805 2164 891 2192 non
919 2150 1148 2208 putabant,
1179 2159 1221 2192 et
1250 2149 1368 2206 quasi
1398 2149 1492 2199 sine,
1515 2148 1660 2207 judice
1686 2150 1730 2192 et

364 2218 454 2262 sine
473 2220 565 2277 lege
590 2219 808 2312 vivebant,
827 2239 841 2260 ι
859 2221 1050 2263 Tradidit
1066 2221 1187 2270 illos,
1212 2221 1374 2278 inquit,
1396 2220 1538 2263 Deus
1527 2236 1570 2263 1n
1587 2234 1728 2278 repro·

364 2290 497 2333 »bum
514 2290 716 2333 sensum¹
734 2308 746 2341 3
770 2292 898 2348 »quia
934 2293 1152 2349 elegerunt
1186 2291 1296 2334 viam
1327 2290 1592 2348 iniquitatis.
1615 2290 1728 2334 viam

365 2369 504 2404 autem
533 2362 715 2405 ve11tat1s
737 2362 892 2420 eligere
917 2364 1155 2405 noluerunt.
1715 2395 1718 2397 Α

421 2430 558 2475 XXV.
598 2431 683 2474 Sed
699 2431 907 2489 Propheta
930 2433 1002 2490 qui
1022 2433 1186 2475 sincero
1205 2432 1393 2475 converti
1407 2431 1539 2475 voluit
1555 2431 1725 2484 affectu,

377 2517 394 2539 α
415 2499 534 2544 Viam
551 2532 563 2550 ,
587 2501 746 2558 inquit,
769 2502 954 2545 veritatis
976 2502 1082 2560 elegi
1103 2501 1114 2545 ἑ
1131 2502 1290 2560 judicia
1309 2511 1381 2545 tua
1402 2517 1489 2546 non
1508 2517 1602 2545 sum
1618 2502 1730 2557 oblif-

363 2588 380 2611 ι
394 2578 459 2613 tus
484 2570 515 2613 ².
543 2590 558 2612 »
572 2571 665 2615 Non
687 2580 824 2632 potest
839 2573 921 2615 hoc
939 2573 1095 2623 dicere,
1118 2573 1190 2631 qui
1212 2581 1325 2617 errat
1345 2573 1388 2617 in
1406 2574 1616 2633 dogmate.
1633 2572 1728 2618 Non

413 2673 422 2690 ¹
442 2664 536 2697 Rom.
553 2675 577 2704 ι,
596 2665 647 2699 28.
669 2684 710 2691 —
728 2675 740 2690 ¹
760 2666 845 2702 Psal.
861 2677 975 2705 cnm,
991 2667 1043 2700 30.
