1800 3236
0 1897 21 2139 spsffigwuvavnjvvvzw
0 1830 9 1865 ¹⁷*
0 1805 4 1814 ⁴*
0 1748 3 1751 ·
0 1731 4 1735 ’

0 2169 26 2514 k'ffffivffizt'fflss‘sswffiw'ffl
3 2153 17 2163 τ
4 2139 20 2147 Α,

0 3073 50 3236 W
0 3194 2 3205 ”
4 2565 37 3087 μήμιωννῆηᾷυωὴω.

434 328 653 359 exrosrrxo
684 328 728 359 m
757 328 946 359 rsnmm
978 329 1122 360 cxvnr.
1373 318 1454 362 321

157 406 216 453 X.
251 407 410 452 Verum
430 407 528 465 quia
559 406 696 466 passio
720 406 947 450 Salvatoris
975 422 1124 451 omnes
1144 408 1348 457 redemit,
1375 424 1462 452 non

98 479 330 524 absurdum
350 486 414 522 est
429 478 664 536 intelligere
684 478 741 521 ita
762 478 839 521 hos
859 478 1039 522 movisse
1059 479 1199 538 capita
1220 494 1293 521 sua
1315 510 1327 527 ‚
1350 479 1463 522 sicut

99 549 382 609 prophetabat
399 549 599 608 princeps
617 549 687 602 ille
710 549 942 608 Synagogae
966 564 1010 591 :«
1030 550 1211 608 Expedit
1227 565 1362 593 unum
1385 550 1464 592 ho·

100 621 289 665 »minem
308 621 416 664 mori
441 636 519 679 pro
539 622 699 680 populo
723 620 757 663 ’.
788 620 947 664 »Aliud
971 621 1114 664 dicere
1134 622 1328 672 volebat,
1354 621 1470 665 aliud

101 690 378 752 significahat.
404 693 458 736 Et
477 692 543 736 isti
572 693 694 735 aliter
715 692 945 736 movebant
966 701 1095 752 caput
1116 686 1236 752 quasi
1260 693 1468 737 insultan-

104 771 190 813 te8‚
219 772 263 807 et
291 763 407 807 alind
430 762 765 812 annuntiabant3
788 763 887 821 quia
919 762 1009 821 ipse
1034 771 1126 806 erat
1151 763 1226 821 qni
1256 763 1396 814 venit,
1424 771 1474 806 ut

105 833 275 892 pigrum
307 834 414 878 illud
435 841 562 892 atque
582 840 801 882 terrenum
837 833 1072 892 principale
1103 833 1326 877 hominum
1351 849 1473 877 com-

107 912 300 948 moveret
314 937 328 955 ,
358 918 445 962 quo
478 911 680 947 evacuata
701 903 997 947 observatione
1015 904 1165 948 litterae
1179 937 1192 954 ,
1221 905 1475 963 mysterium

110 990 396 1034 quaereremus
417 975 461 1018 in
481 974 635 1018 verbis.
663 975 785 1017 Unde
806 974 863 1016 ait
881 989 892 1017 ε
909 992 926 1014 ι
939 974 1120 1018 Posuisti
1137 990 1215 1018 nos
1234 976 1278 1017 in
1300 975 1477 1034 parabo-

109 1043 224 1090 »lam
241 1046 455 1106 gentibus,
479 1045 813 1090 commotionem
834 1045 983 1104 capitis
1004 1045 1047 1087 in
1069 1046 1238 1104 populis
1258 1045 1290 1088 ².
1316 1064 1333 1085 ι
1348 1046 1477 1098 Quod

110 1117 156 1161 in
175 1119 290 1162 bono
312 1119 461 1176 utique
488 1118 721 1177 accipitur,
745 1117 842 1175 quia
862 1117 1067 1175 praemisit
1087 1133 1131 1158 :c
1148 1117 1201 1160 Et
1221 1117 1265 1160 in
1285 1117 1478 1161 nationes

112 1189 373 1249 »dispersisti
393 1204 470 1233 nos
492 1189 525 1232 ³.
551 1188 766 1248 »Dispersi
782 1196 881 1231 sunt
899 1188 1014 1231 enim
1034 1186 1171 1230 Judaei
1184 1219 1197 1237 ,
1218 1197 1269 1230 ut
1292 1188 1481 1246 reliquiae

111 1276 262 1305 eorum
275 1262 397 1304 salvae
413 1260 566 1304 fierent
581 1260 819 1303 secundum
834 1259 1089 1302 electionem
1107 1259 1250 1317 gratiae
1269 1274 1280 1302 :
1302 1259 1346 1301 in
1360 1275 1482 1318 para-

110 1331 254 1375 bolam
274 1339 416 1374 autem
441 1330 593 1390 positi,
616 1338 664 1373 ut
682 1345 731 1373 ea
752 1345 847 1388 quae
863 1345 942 1388 per
960 1328 1207 1388 parabolam
1223 1330 1335 1374 dicta
1356 1339 1478 1382 sunt,

111 1402 294 1445 revelata
313 1417 404 1445 esse
424 1401 594 1445 illorum
618 1401 733 1444 exitu
755 1401 1015 1443 disceremus
1030 1433 1043 1450 ,
1067 1401 1133 1443 vel
1156 1416 1305 1453 eorum
1333 1417 1481 1445 exem-

114 1472 187 1530 plo
206 1473 533 1516 admoneremur
555 1486 705 1515 cavere
735 1469 970 1529 perfidiam.
998 1470 1121 1514 Tunc
1142 1471 1257 1514 enim
1281 1473 1481 1531 cognovit

117 1541 251 1600 magis
264 1542 504 1600 ffiemmias
522 1541 717 1584 Judaeam
738 1556 830 1584 esse
854 1540 1095 1584 deflendam
1107 1558 1121 1591 ς
1143 1550 1188 1585 et
1207 1542 1303 1585 ideo
1325 1543 1482 1586 Hieru—

115 1613 247 1656 salem
267 1620 435 1671 captam
455 1628 546 1657 esse
566 1621 672 1655 tunc
692 1612 895 1671 temporis
909 1613 1202 1671 prophetavit,
1221 1613 1392 1671 qnando
1402 1614 1482 1658 Re-

62 1746 68 1750 *
115 1685 381 1743 demptorem
397 1684 617 1743 proprium
636 1699 723 1727 non
743 1683 917 1743 recepit.
939 1679 1004 1727 Illi
1023 1684 1151 1743 igitur
1165 1684 1412 1735 insultatur,
1426 1687 1481 1730 de

116 1770 199 1814 qua
219 1755 378 1804 dicent,
392 1755 530 1814 inquit
551 1771 564 1798 z
579 1756 704 1799 «Haec
720 1763 783 1799 est
797 1756 1013 1799 civitas...
1030 1756 1235 1800 universae
1254 1765 1377 1800 terrae
1388 1757 1429 1807 ’ς
1448 1776 1466 1798 ι

116 1840 168 1868 eo
186 1826 303 1883 quo'd
313 1825 388 1868 ubi
405 1834 497 1869 erat
512 1833 609 1868 ante
628 1824 728 1868 fidei
749 1825 1016 1883 jucunditas,
1039 1827 1099 1871 ibi
1121 1842 1237 1870 nunc
1258 1828 1313 1871 sit
1329 1827 1480 1871 amari-

100 1897 223 1940 -tudo
241 1895 428 1956 perfidiae
445 1912 457 1939 ε
483 1898 549 1940 vel
567 1904 684 1940 certe
697 1898 909 1940 movendo
930 1907 1058 1957 caput
1077 1914 1200 1942 suum
1213 1932 1225 1950 ‚
1249 1908 1293 1942 et
1313 1899 1373 1943 dev
1390 1915 1481 1942 cor-

116 1966 332 2026 poralibus
353 1968 407 2010 ad
433 1958 637 2025 spiritalis
656 1967 916 2010 transeundo
947 1976 1161 2012 mereatur
1181 1970 1351 2020 audire,
1381 1983 1480 2014 cum

117 2036 346 2080 crediderit
361 2036 406 2079 in
420 2037 662 2087 Christum,
680 2039 797 2095 quod
821 2053 984 2081 corona*
999 2039 1053 2081 sit
1076 2039 1235 2098 gloriae.

176 2108 255 2151 XI.
291 2107 398 2160 Quae
427 2116 492 2151 est
520 2116 662 2151 autem
684 2123 840 2151 corona
868 2110 1019 2168 glorae,
1040 2109 1120 2152 nisi
1140 2109 1330 2153 Ecclesia
1347 2144 1359 2160 ‚
1385 2125 1479 2168 quae

119 2185 249 2235 capnt
270 2192 395 2220 suum
416 2176 634 2221 Christum
657 2179 863 2222 coronat?
882 2179 988 2231 Quae
1008 2178 1252 2236 jucunditas
1272 2180 1480 2224 universae

121 2256 268 2298 terrae,
290 2249 372 2292 nisi
392 2250 544 2292 domus
570 2250 715 2308 populi
743 2249 982 2299 christiani,
1014 2251 1108 2293 aula
1131 2259 1400 2301 sanctornm,
1423 2253 1477 2294 de

122 2318 276 2377 quibus
297 2319 503 2378 scriptum
523 2329 588 2364 est
605 2335 616 2363 τ
632 2339 648 2360 ι
664 2321 714 2364 In
741 2336 913 2364 omnem
934 2329 1092 2364 terram
1113 2322 1240 2365 exivit
1257 2337 1386 2366 sonus
1407 2337 1478 2365 eo-

121 2404 264 2440 »rum,
286 2398 331 2433 et
355 2390 399 2433 in
421 2390 526 2434 fines
546 2391 661 2434 orbis
685 2400 809 2434 terrae
833 2392 961 2434 verba
979 2406 1128 2435 eorum
1152 2392 1200 2434 ⁵?
1219 2392 1359 2451 »Ergo
1379 2392 1477 2450 quia

124 2475 282 2504 corona
301 2461 444 2519 gloriae
462 2470 527 2506 est
536 2461 724 2507 Ecclesia
741 2463 862 2512 3ideo
879 2463 1034 2505 dicitur
1047 2463 1091 2506 in
1101 2463 1308 2506 canticis:
1324 2482 1341 2503 ι
1353 2464 1479 2522 Egre-

103 2530 373 2575 -ndiminim,
405 2540 450 2575 et
477 2531 616 2586 videte
647 2548 791 2592 regem
820 2532 1092 2576 Salomonem
1120 2533 1164 2576 in
1191 2548 1372 2584 corona,
1393 2548 1479 2592 qua

171 2644 182 2661 ι
201 2635 300 2670 Joan.
316 2645 364 2675 ιι.
385 2638 496 2672 50.-—
510 2646 524 2664 ⁸
539 2637 625 2673 Psal-
638 2649 735 2682 mn,
761 2640 812 2673 15.
825 2655 869 2665 -——
883 2641 898 2664 ³
911 2636 1000 2674 ibid.
1020 2649 1071 2674 u.
1084 2657 1127 2665 ·—-
1145 2642 1159 2669 ⁴
1171 2639 1295 2674 Thrcn.
1314 2651 1352 2680 n,
1368 2640 1418 2673 1⁵.
1436 2657 1479 2666 -—

123 2690 138 2713 ⁵
152 2689 236 2725 Psal.
250 2701 345 2729 xvm,
359 2692 390 2724 5.

277 2760 376 2790 nvn.
1276 2765 1301 2793 2
1311 2767 1327 2794 1
