1800 3236
342 326 399 356 20
890 320 924 348 8.
962 316 1152 348 AMnnosn

340 403 519 449 fleamus
540 399 727 444 dicentes
750 414 760 441 :
787 415 804 438 α
818 397 983 442 Delicta
1003 395 1236 456 juventutis
1251 408 1373 447 meae,
1395 403 1438 439 et
1458 391 1703 454 ignorantiae

338 488 474 516 »meae
499 487 555 515 ne
573 468 860 522 memineris¹.
895 488 911 509 n
943 469 1034 511 Hoc
1056 465 1369 510 debilitatis”'est
1394 466 1635 510 remedium
1651 466 1703 511 il-

340 544 416 589 lud
450 543 581 586 robur
617 541 772 585 salutis.
817 539 975 583 Salutis
1014 538 1226 582 medicina
1247 557 1248 560 ¹
1268 537 1431 580 vulneri
1462 537 1694 595 quaeritur:

342 613 475 672 gratia
497 611 676 656 sanitati.
706 612 892 668 Ideoque
916 610 974 653 ait
997 626 1006 651 :
1042 627 1057 648 (ι
1073 610 1242 652 Bonum
1263 615 1326 650 est
1345 606 1453 656 viro,
1475 621 1573 650 cum
1591 606 1704 650 tollit

339 684 517 743 »jugum
534 684 576 727 in
597 684 817 742 juventute
831 682 862 725 ².
887 700 903 722 »
916 682 964 725 Ei
986 690 1127 724 autem
1151 680 1221 738 qui
1237 687 1333 738 post
1348 680 1539 722 decursae
1557 678 1703 736 juven-

340 755 441 798 tutis
463 769 594 797 annos
623 754 771 813 jugum
793 752 960 803 tulerit,
995 767 1081 794 non
1103 760 1167 795 est
1196 751 1339 794 statim
1370 750 1609 809 perfectum
1630 750 1704 792 bo-

339 841 457 869 num.
484 826 712 869 stimulant
735 825 849 868 enim
868 839 965 867 eum
983 831 1156 883 peccata
1175 838 1264 872 sua,
1283 823 1466 881 exagitat
1486 821 1704 864 conscien-

337 897 440 940 tiam
477 898 740 939 consuetudo
777 895 985 954 peccandi
1005 928 1015 944 ,
1048 904 1090 937 et
1126 902 1226 937 usus
1267 893 1422 936 erroris
1459 892 1702 935 instabilem

336 966 448 1009 sacit.
480 965 749 1010 Luctandum
779 974 842 1009 est
867 966 940 1009 (liu
959 964 1207 1023 hujusmodi
1231 964 1322 1007 viro
1344 996 1354 1013 ,
1383 971 1432 1006 ut
1452 961 1704 1006 abolefaciat

335 1036 378 1079 in
394 1036 615 1094 juventute
638 1036 749 1079 sacta
772 1036 1004 1079 inveterata
1020 1043 1147 1094 atque
1164 1035 1378 1078 diuturna.
1406 1034 1515 1077 Huic
1537 1034 1579 1077 in
1597 1033 1704 1092 peri-

335 1106 434 1149 culo
456 1121 522 1149 res
545 1114 624 1155 est,
652 1106 712 1149 illi
734 1106 776 1148 in
797 1107 925 1149 bono.
1395 1156 1404 1160 ,

393 1176 462 1221 IV.
497 1176 690 1233 Denique
710 1177 874 1219 sedebit
899 1177 968 1219 ille
987 1175 1272 1234 singulariter,
1300 1175 1420 1232 quasi
1442 1175 1476 1217 is
1493 1174 1565 1233 qui
1581 1173 1703 1218 facile

332 1259 422 1289 non
439 1245 625 1289 inveniat
651 1247 856 1304 aequalem
877 1278 887 1294 ‚
913 1245 1196 1303 singularibus
1212 1247 1394 1287 donatus
1415 1244 1601 1302 praemiis
1627 1259 1636 1286 :
1660 1252 1703 1287 et
1750 1286 1753 1288 .

334 1315 474 1358 silebit
505 1315 673 1374 quietus
709 1324 751 1359 et
781 1315 954 1365 feriatus
977 1316 1028 1358 ab
1066 1315 1182 1358 omni
1218 1315 1559 1373 interpellatione
1580 1330 1703 1358 mun-

334 1385 453 1427 danae
476 1385 771 1429 sollicitudinis
787 1419 798 1436 ‚
821 1393 864 1428 et
884 1386 1110 1444 voluptatis
1129 1402 1141 1435 ;
1171 1394 1214 1428 et
1240 1385 1391 1428 divinis
1409 1384 1580 1428 vacabit
1604 1399 1702 1428 ora-

334 1455 466 1507 culis,
501 1471 594 1514 quae
620 1457 756 1499 solent
783 1457 1053 1515 singulariter
1073 1457 1318 1499 sedentibus
1347 1456 1555 1506 revelari,
1589 1455 1697 1501 sicut

331 1535 479 1569 sancto
510 1528 666 1577 David,
692 1527 764 1584 qui
786 1527 843 1570 ait
864 1543 873 1570 ε
909 1545 925 1566 (ι
948 1528 1162 1580 Quoniam
1193 1536 1240 1570 tu
1262 1527 1532 1586 singulariter
1553 1527 1595 1569 in
1620 1542 1694 1586 spe

331 1596 617 1640 »constituisti
647 1596 760 1639 me³.
784 1615 800 1636 n
830 1597 884 1640 Et
909 1597 979 1640 hic
1002 1597 1174 1655 quidem
1203 1612 1290 1640 non
1320 1598 1363 1639 in
1396 1605 1561 1640 secreto
1584 1598 1699 1640 solus

333 1667 523 1716 sedebat,
544 1668 618 1710 sed
641 1682 738 1709 cum
758 1676 956 1725 praeesset
971 1669 1162 1726 populis3
1186 1669 1386 1726 singulari
1403 1677 1547 1712 tamen
1564 1669 1698 1726 gratia

330 1737 620 1795 praeminebat.
662 1737 773 1780 Elias
810 1740 923 1795 solus
959 1739 1156 1787 sedebat,
1190 1753 1290 1782 cum
1322 1739 1374 1780 ab
1406 1738 1571 1796 Angelo
1585 1771 1596 1789 ,
1631 1739 1698 1782 vel

330 1808 459 1851 etiam
477 1809 625 1873 ›corvis
656 1808 801 1851 cibum
835 1809 1122 1852 deferentibus
1142 1809 1430 1867 pasceretur⁶.
1460 1809 1585 1852 Solus
1610 1825 1696 1853 non

331 1879 468 1922 solum
496 1886 684 1921 secretus
701 1893 723 1920 a
744 1878 895 1928 turbis,
920 1879 1200 1922 verumetiam
1224 1887 1465 1938 segregatus
1489 1883 1512 1922 a
1533 1880 1696 1924 meritis

329 1948 625 2006 plurimorum.
652 1948 844 2005 Denique
866 1949 1142 1992 revelationes
1165 1949 1224 1992 illi
1241 1949 1391 1992 divinae
1413 1950 1555 2008 gratiae
1571 1949 1697 1992 resul-

334 2019 515 2076 gebant‚
543 2018 665 2076 cujus
689 2020 876 2062 muneris
892 2020 1082 2063 fructum
1105 2036 1182 2078 pro
1203 2021 1405 2063 mercede
1432 2021 1697 2079 adipisceba-

334 2097 431 2138 tur3
454 2089 552 2147 quia
570 2106 591 2133 a
608 2091 829 2149 juventute
847 2106 921 2133 sua
935 2091 1085 2149 jugum
1099 2092 1217 2134 verbi
1233 2092 1549 2150 suspiciendum
1571 2100 1698 2150 puta-

334 2158 410 2207 vit,
430 2174 510 2201 nec
528 2160 735 2204 trahenda
754 2163 883 2218 longo
905 2160 1062 2204 diutius
1078 2160 1180 2204 sune
1202 2170 1390 2220 peccata.

388 2226 440 2271 V.
465 2228 607 2273 Potest
641 2231 837 2289 juvenior
868 2231 946 2274 iste
976 2230 1048 2288 qui
1078 2230 1177 2274 fecit
1214 2232 1393 2282 bonum,
1428 2233 1619 2276 tollendo
1654 2234 1696 2277 in

331 2299 554 2355 juventute
591 2300 741 2359 jugum
772 2302 911 2350 verbi,
954 2302 1146 2344 nondum
1180 2301 1408 2358 perfectus,
1452 2302 1524 2359 qui
1555 2303 1697 2346 adhuc

332 2365 766 2428 juveniorsegregans
778 2386 877 2414 vero
889 2386 932 2414 se
953 2386 975 2413 a
1000 2371 1219 2428 colloquiis
1229 2372 1472 2429 aequalium,
1496 2387 1590 2430 quae
1605 2374 1698 2431 plc-

331 2451 516 2496 rumque
537 2450 817 2500 corrumpunt
839 2442 974 2485 bonos
994 2457 1134 2484 mores
1150 2475 1161 2492 ‚
1186 2450 1229 2485 et
1247 2443 1442 2501 contagia
1461 2445 1608 2487 volens
1629 2444 1697 2486 fu-

332 2521 433 2565 gere
453 2512 746 2568 peccantium3
772 2512 829 2556 ita
850 2512 1026 2570 intelligi
1045 2511 1312 2571 singulariter
1328 2514 1475 2558 sedere
1489 2522 1533 2557 et
1550 2513 1694 2566 silere,

355 2617 392 2695 ι’
413 2610 494 2644 Psal.
513 2624 581 2653 xiv,
595 2626 673 2658 7.-
692 2625 705 2642 ·
722 2614 848 2653 Thren.
865 2627 917 2657 m,
935 2627 1038 2660 27.—
1057 2618 1070 2641 ³
1093 2616 1177 2652 Psal.
1194 2627 1263 2658 xlv,
1284 2629 1377 2653 ιο.·
1394 2620 1409 2649 4
1423 2619 1442 2650 3
1462 2617 1543 2663 neg.
1566 2630 1647 2661 xviv,
1660 2617 1695 2658 6,
1722 2652 1726 2653 ⁷

333 2671 355 2712 ς
381 2673 449 2703 xix,
467 2675 499 2707 7.
