1800 3236
358 289 374 315 1
387 288 408 313 2
903 286 933 312 5.
975 283 1164 312 Amnnosu

351 355 509 399 claudit
540 354 683 397 oculos
713 368 768 396 ne
795 352 985 411 aspiciat,
1017 351 1085 394 cui
1111 358 1295 410 potestas
1327 351 1498 395 videndi
1525 360 1615 403 est,
1644 362 1719 398 aut

354 427 464 470 sicut
484 425 527 468 in
550 424 692 467 furore
707 423 899 482 plerique
923 422 1110 480 injecere
1131 437 1281 466 manus
1302 422 1436 466 oculis
1453 421 1538 466 suis
1562 437 1573 465 τ
1598 422 1655 470 ita
1676 430 1720 466 et

356 507 400 541 tu
421 497 558 556 primo
579 494 776 538 averteris
793 493 1036 537 conniventi
1050 493 1182 551 mag-is
1204 492 1542 537 dissimulatione
1557 525 1569 543 ,
1591 502 1720 551 quam

356 567 634 625 refragatione
654 563 892 624 praerupta?
922 563 1028 608 Nam
1054 577 1153 606 cum
1176 563 1230 606 ad
1254 562 1490 606 Ecclesiam
1513 563 1628 606 venis
1643 595 1655 614 ,
1679 570 1723 606 et

359 637 645 690 Christianum
669 644 711 679 te
733 636 881 679 asseris
896 668 908 684 ,
931 650 1056 678 sanus
1078 634 1233 677 videris
1247 666 1258 684 ,
1283 634 1419 693 aperis
1439 635 1614 685 oculos,
1634 634 1724 693 qui-

359 709 438 750 hus
459 707 590 765 possis
616 706 758 750 videre
778 721 788 748 ε
812 707 886 749 sed
908 707 1010 748 dum
1036 704 1183 747 audire
1203 704 1442 752 dissimulas
1462 719 1556 762 quae
1581 706 1725 763 legun-

359 788 451 828 tur,
476 777 636 821 claudis
655 793 710 820 ne
731 777 872 821 videas
893 777 992 827 tibi,
1019 777 1096 820 etsi
1116 776 1205 819 aliis
1220 776 1363 820 videre
1382 775 1538 820 videris
1550 793 1564 827 ς
1586 775 1726 834 injicis

359 848 488 892 etiam
525 849 727 906 quasdam
761 847 947 906 perfidiae
979 855 1021 890 et
1053 846 1389 905 intemperantiae
1418 861 1570 889 manus
1593 846 1727 890 oculis

362 919 510 962 animae
532 926 682 968 tuae,et
694 918 926 961 caecitatem
938 916 1065 960 infers
1087 916 1204 960 cordi
1223 925 1313 966 tuo,
1327 917 1515 974 quodest
1531 915 1723 975 gravius,

360 989 662 1038 voluntariam3
691 994 743 1031 ‘ut
769 988 913 1031 videns
936 1002 1021 1031 non
1053 988 1220 1037 videas,
1253 987 1427 1030 audiens
1453 985 1539 1031 nen
1562 986 1720 1030 audias.

419 1059 514 1102 ΧΠ.
542 1059 667 1101 Putas
685 1066 726 1101 te
746 1060 883 1100 solum
905 1074 996 1101 esse
1020 1073 1119 1101 cum
1142 1058 1363 1102 fornicaris
1377 1091 1388 1108 ,
1412 1066 1455 1101 et
1474 1073 1561 1101 non
1578 1072 1727 1100 recor-

361 1130 472 1172 daris
494 1130 587 1187 quia
614 1129 726 1171 oculi
746 1129 917 1172 Domini
941 1129 1084 1172 vident
1107 1130 1256 1172 orbem
1273 1128 1515 1172 terrarum?
1541 1127 1635 1172 Non
1651 1142 1728 1170 au-

362 1200 425 1242 dis
448 1199 657 1242 dicentem
684 1214 726 1241 :a
747 1200 859 1242 Ecce
884 1199 999 1241 venit
1020 1199 1176 1242 hora...
1206 1207 1254 1241 ut
1281 1198 1579 1258 dispergamini
1603 1212 1730 1240 unus-

363 1269 568 1326 »quisquc
590 1270 631 1311 in
655 1285 749 1319 sua,
774 1278 821 1325 et
837 1285 906 1312 me
935 1270 1071 1312 solum
1098 1269 1386 1326 relinquatis:
1417 1269 1492 1311 sed
1518 1283 1606 1311 non
1635 1281 1729 1309 sum
1769 1314 1773 1319 ,

365 1357 381 1378 »
395 1340 531 1385 solus:
551 1340 647 1396 quia
662 1340 786 1382 Pater
808 1353 977 1382 mecum
994 1339 1084 1383 est¹
1106 1339 1124 1382 Ρ
1147 1359 1163 1380 »
1178 1339 1310 1382 Adest
1330 1354 1431 1397 ergo
1450 1339 1592 1388 Pater,
1613 1339 1732 1381 adest

367 1418 411 1452 et
433 1410 563 1452 Filius
585 1411 685 1459 Dei,
715 1413 867 1454 adsunt
895 1408 1096 1458 ministri,
1121 1409 1274 1450 adsunt
1287 1406 1519 1450 Cherubim
1542 1415 1585 1450 et
1607 1407 1732 1451 Sera-

367 1479 484 1537 phim
500 1513 510 1530 ,
532 1496 623 1537 quae
646 1481 792 1523 dicunt
820 1496 830 1523 ε
850 1481 1047 1528 Sanctus,
1067 1479 1262 1527 Sanctus,
1287 1478 1467 1521 Sanctus
1492 1493 1502 1520 :
1526 1480 1650 1537 plena
1669 1487 1734 1523 est

369 1559 477 1594 terra
501 1551 732 1609 majestatis
753 1561 848 1595 tuae.
876 1552 1028 1595 Plenus
1050 1559 1114 1594 est
1143 1550 1258 1593 enim
1278 1553 1464 1593 mundus
1488 1558 1734 1594 sanctarum

368 1621 599 1671 virtutum;
623 1623 720 1678 quia
746 1623 895 1678 plenus
921 1629 984 1664 est
1008 1620 1306 1678 nequitiarum.
1340 1619 1495 1663 Plenus
1529 1628 1593 1663 est
1620 1619 1734 1663 orbis

368 1697 576 1733 terrarum
600 1690 797 1734 remediis
814 1725 824 1740 ‚
848 1691 944 1748 quia
967 1692 1116 1749 plenus
1139 1698 1202 1732 est
1222 1689 1397 1747 laqueis.
1424 1690 1551 1733 Putas
1566 1690 1681 1747 quod
1691 1689 1736 1732 in

371 1759 561 1816 lupanari
589 1759 780 1803 Christus
802 1769 844 1803 te
867 1776 951 1803 non
984 1760 1149 1809 videat,
1177 1776 1303 1818 quem
1318 1760 1441 1807 ,videt
1473 1761 1652 1818 lupanar
1676 1759 1736 1802 in-

372 1828 515 1871 trare?
532 1829 658 1872 Putas
680 1831 795 1887 quod
816 1831 858 1873 in
882 1832 1088 1874 adulterio
1111 1839 1153 1874 te
1170 1846 1254 1873 non
1271 1831 1564 1889 deprehendat
1579 1863 1591 1881 ,
1609 1843 1737 1888 quem

373 1899 488 1943 videt
523 1902 776 1944 adulterium
808 1903 1096 1961 cogitantem?
1121 1903 1231 1947 Num
1257 1902 1438 1961 parietes
1462 1902 1640 1961 refugit,
1665 1900 1739 1960 qui

375 1979 536 2030 spectat
558 1973 743 2022 errore&
777 1983 818 2017 et
849 1983 1058 2017 secretum
1078 1974 1268 2017 criminis
1291 1983 1530 2023 aversatur,
1555 1973 1628 2032 qui
1645 1988 1741 2017 sce-

375 2056 472 2083 nam
502 2042 688 2086 criminis
714 2044 930 2086 intuetur?
957 2045 1022 2087 An
1044 2053 1166 2102 putas
1188 2053 1289 2087 tunc
1306 2045 1492 2103 primum
1517 2052 1559 2087 te
1580 2043 1739 2105 intrare

377 2111 641 2155 meritorium
664 2113 725 2171 (5)
746 2146 757 2163 ,
777 2129 877 2156 cum
899 2113 1106 2156 fornicem
1122 2115 1357 2157 meretricis
1378 2114 1611 2172 ingrederis
1627 2112 1647 2155 Ρ
1662 2114 1741 2156 ,Ιη-

378 2181 496 2223 trasti
513 2181 598 2238 jam
614 2216 624 2231 ,
648 2185 817 2239 quando
827 2183 1102 2242 cogitationes
1119 2193 1210 2227 tuas
1229 2185 1431 2228 meretrix
1445 2184 1646 2228 introivit.
1668 2185 1742 2227 In-

379 2252 497 2294 trasti
516 2251 622 2309 jam,
649 2255 816 2310 quando
844 2255 896 2296 ad
918 2254 1161 2312 potiendam
1186 2255 1431 2312 prostibulae
1465 2243 1751 2313 cupiditatem⁴
1794 2252 1796 2254 V

377 2338 521 2380 gressu
536 2324 688 2366 mentis
708 2324 883 2367 intrasti.
910 2326 1086 2368 Pulsasti
1102 2326 1314 2384 lupanaris
1330 2325 1441 2369 fores
1456 2358 1467 2376 ,
1493 2326 1666 2384 quando
1690 2326 1744 2368 ad

379 2391 568 2435 mulieris
586 2394 936 2452 concupiscendae
957 2396 1155 2438 decorem
1179 2397 1324 2438 oculos
1348 2396 1502 2440 mentis
1524 2394 1738 2455 aperuisti.

379 2462 431 2504 Et
449 2461 482 2504 si
503 2477 650 2505 verum
673 2463 818 2508 audire
838 2465 921 2515 vis,
954 2467 1168 2522 quomodo
1188 2474 1229 2509 te
1251 2466 1294 2509 in
1319 2466 1512 2526 lupanari
1533 2481 1623 2510 non
1639 2465 1745 2509 vidit

383 2533 572 2577 Christus
586 2550 598 2583 3
619 2537 786 2592 quando
810 2537 996 2597 tenvidit,
1019 2537 1116 2596 quia
1147 2539 1421 2586 adulterando
1448 2539 1490 2584 in
1517 2538 1647 2586 corde
1668 2545 1743 2585 tuo

432 2634 440 2650 ¹
463 2625 561 2659 Joan.
586 2636 653 2669 xvi,
674 2627 726 2660 32.
