1800 3236
337 337 423 395 278
596 337 599 339 ’
890 347 924 374 s.
954 346 1155 375 amnosn

331 437 398 472 tus
411 427 508 486 quia
525 427 722 470 doctores
739 433 838 468 sunt
849 425 1029 467 aliorum
1045 425 1204 482 judicio
1219 429 1272 470 ad
1285 426 1367 471 hoc
1380 435 1537 470 munus
1551 427 1704 471 electi:

331 500 530 542 docentes
554 506 695 540 autem
730 496 800 553 qui
828 496 997 553 propria
1026 497 1301 555 usurpatione
1331 496 1415 541 hoc
1444 497 1524 540 sibi
1552 508 1708 542 munus

335 569 649 628 assumpserint.
678 567 762 613 Sed
785 568 938 610 cedant
954 582 1127 609 necesse
1149 577 1212 610 cst
1234 568 1272 610 ei
1296 557 1494 611 doctores
1515 561 1705 626 quoque,
1726 593 1735 605 ι

331 655 458 699 quom
481 637 821 686 testimoniorum
847 637 1122 681 meditatione
1150 639 1387 682 coelestium
1412 635 1606 682 doctrina
1628 638 1709 704 Dei

339 708 530 752 docentis
554 707 769 750 imbuerit.

391 778 512 824 XIII.
550 768 783 835 Sequitur:
810 795 827 818 α
848 778 986 836 Super
1018 778 1204 821 seniores
1234 779 1448 829 intellexi3
1476 775 1574 837 quia
1599 784 1711 838 prae-

333 869 350 906 p
365 859 487 908 cepta
504 857 576 892 tua
593 848 820 907 exquisivi¹
831 881 840 893 .
864 867 880 889 »
893 849 956 893 Ne
973 849 1055 892 hoc
1071 842 1243 906 quidem
1262 849 1449 900 difficile,
1469 848 1568 893 ntis
1584 859 1724 908 quem

330 920 540 970 Dominus
563 920 773 970 deenerit,
798 935 926 977 super
942 919 1128 962 seniores
1145 919 1382 978 intelligat}
1402 916 1613 978 siquidem
1633 920 1711 968 Dei

334 992 466 1052 gratia
499 992 551 1034 ad
581 990 845 1040 doctrinam,
873 997 916 1032 et
938 990 1227 1035 maturitatem
1257 991 1391 1034 aetatis
1416 990 1712 1050 progrediatur

335 1063 528 1109 senilis.
495 1061 510 1084 ²
561 1061 670 1104 Cum
696 1061 810 1104 enim
833 1059 932 1104 aetas
959 1062 1196 1122 senectutis
1218 1062 1303 1105 vita
1330 1062 1600 1106 immaculata
1625 1062 1678 1105 sit
1696 1094 1709 1113 ,

334 1133 483 1191 utique
504 1132 699 1178 doctrina
721 1132 816 1175 vitae
835 1112 1117 1176 immaculatae
1133 1133 1310 1176 senilem
1332 1142 1504 1192 praestat
1520 1127 1706 1177 aetatenlz

335 1205 529 1261 Denique
554 1204 774 1250 excusanti
802 1203 1026 1248 Hieremiae
1048 1204 1196 1262 quod
1182 1205 1350 1262 juvenis
1371 1213 1506 1254 esset,
1535 1212 1713 1264 respon·

335 1291 430 1326 sum
453 1283 540 1321 est:
557 1293 574 1315 α
595 1275 689 1319 Noli
711 1271 875 1318 dicere:
892 1274 1067 1318 Juvenis
1089 1291 1184 1319 sum
1201 1277 1214 1298 ²
1232 1293 1244 1325 ς
1264 1294 1281 1317 ι
1294 1291 1345 1319 eo
1362 1278 1476 1334 quod
1495 1286 1580 1320 non
1600 1268 1715 1321 {esti-‘-

335 1355 525 1395 maretur
561 1346 727 1404 juvenis
758 1345 1006 1389 definitione
1035 1347 1209 1398 divina,
1245 1348 1317 1406 qui
1353 1362 1502 1391 canam
1535 1349 1715 1393 haberet

335 1417 623 1476 prudentiam,
644 1431 737 1474 quae
755 1415 1102 1461 sanctificationis
1125 1419 1307 1461 coelestis
1327 1419 1459 1477 gratia
1481 1412 1707 1464 reluceret

395 1488 511 1532 XIV.
551 1487 854 1536 Verumtamen
877 1503 963 1530 non
992 1489 1097 1530 mihi
1119 1489 1285 1532 videtur
1310 1505 1353 1532 se
1375 1490 1514 1548 ipsum
1535 1482 1714 1535 latidare

335 1559 574 1617 Propheta,
605 1567 648 1605 et
675 1558 877 1617 praeserre
908 1558 1167 1610 senioribus,
1194 1574 1294 1601 cum
1314 1560 1494 1619 legerit:
1521 1579 1537 1600 α
1555 1561 1651 1605 Non
1672 1570 1716 1605 te

336 1637 591 1688 »praetereat
619 1629 804 1672 narratio
827 1629 1043 1672 seniorum
1064 1644 1073 1672 τ
1101 1638 1145 1672 et
1170 1629 1249 1687 ipsi
1272 1629 1387 1673 enim
1415 1624 1662 1676 didicerunt
1678 1638 1714 1676 *a

338 1700 571 1759 »patr-ibus.
599 1719 614 1739 1>
629 1700 736 1745 Nam
753 1709 795 1743 et
812 1699 911 1743 alibi
927 1700 1031 1743 dixit
1049 1700 1197 1744 Sirach
1217 1700 1432 1760 Sapientia
1451 1717 1463 1745 z
1479 1719 1497 1742 α
1514 1703 1596 1746 Ubi
1617 1696 1716 1747 su'nt

313 1781 324 1789 '
338 1792 354 1813 n
369 1787 507 1821 senes,
528 1784 614 1814 non
631 1773 816 1817 multum
837 1771 1023 1834 loquaris
1040 1772 1052 1792 ¹¹
1071 1787 1081 1813 ε
1101 1789 1117 1811 »
1132 1771 1216 1815 Sed
1238 1772 1354 1825 novit
1375 1773 1528 1830 qulbus
1550 1775 1596 1817 s‘e
1611 1767 1717 1833 prae'-

344 1842 452 1885 ferat
469 1841 721 1890 senioribus,
745 1841 984 1884 inveteratis
1007 1842 1169 1884 scilicet
1191 1843 1232 1884 in
1259 1851 1453 1901 peccat0,
1474 1852 1521 1887 et
1541 1841 1715 1888 veterno

342 1912 571 1971 impietatis
588 1920 605 1962 ,’
625 1921 749 1969 atque
773 1913 888 1955 senio
904 1912 1093 1971 perfidiae
1121 1911 1410 1959 delirantibus.
1438 1915 1510 1957 Isti
1539 1909 1637 1958 sunt
1654 1931 1717 1959 se-

340 1983 481 2031 niores
504 1982 639 2041 plebis
669 1985 722 2025 de
747 1983 901 2041 quibus
928 1984 1092 2026 dictum
1112 1992 1177 2026 est
1203 1985 1274 2042 qui
1304 1985 1535 2029 Dominum
1564 1986 1714 2033 Jesum

341 2053 477 2098 Pilato
498 2053 667 2111 praesidi
688 2054 959 2097 tradiderunt
980 2071 990 2096 ε
1014 2072 1030 2094 «
1053 2055 1355 2099 Convenerunt
1379 2057 1493 2100 enim
1516 2052 1716 2102 sacerdo-'-

347 2144 364 2167 a
378 2133 457 2174 tes,
481 2133 523 2168 et
545 2125 694 2168 scrihae
710 2158 721 2175 ,
746 2134 788 2168 et
808 2126 994 2168 seniores
1010 2126 1022 2148 ⁵
1042 2159 1053 2175 ‚
1073 2144 1090 2166 n
1112 2135 1161 2169 ut
1184 2126 1240 2170 ait
1259 2126 1437 2172 Marcus.
1458 2129 1512 2181 Et
1527 2121 1681 2172 iterum
1700 2144 1711 2173 ε

353 2214 369 2236 κ
389 2195 603 2240 Fecerunt
623 2198 864 2239 sacerdotes
889 2196 1113 2250 consilium
1137 2213 1237 2240 cum
1250 2199 1495 2242 -senioribus
1507 2214 1520 2250 ’ς
1545 2207 1715 2245 atzeu‘m

343 2267 595 2311 »traderent
613 2265 642 2309 ⁶.
669 2267 750 2309 »Et
776 2269 999 2310 adversum
1021 2267 1246 2325 Apostolos
1268 2269 1311 2312 in
1337 2265 1514 2314 Actibus
1538 2264 1686 2314 'eorum
1701 2304 1712 2321 ,

344 2338 459 2394 quod
479 2338 666 2380 seniores
683 2338 812 2380 Israe‘l
833 2338 1124 2388 convenerint,
1143 2339 1290 2382 Petrus
1313 2334 1498 2389 sanctus,
1517 2335 1561 2384 et
1576 2333 1714 2387 Encas

343 2407 598 2464 evangelista
632 2408 886 2460 testantur7.
920 2408 1014 2452 Non
1043 2423 1143 2466 ergo
1173 2409 1293 2451 senili
1321 2411 1538 2469 derogavit
1567 2406 1712 2456 aeta‘ts:

344 2479 420 2521 sed
449 2491 554 2521 voce
575 2479 721 2536 populi
741 2479 917 2523 senioris
938 2479 1211 2522 indocibilem
1241 2481 1318 2523 Dei
1347 2483 1562 2526 vetustum
1594 2482 1714 2526 illum

393 2602 401 2620 ⁸
425 2573 508 2626 Psal·
526 2604 640 2630 cxvnx,
660 2603 731 2627 100.
753 2612 793 2620 —
812 2603 826 2620 ²
855 2595 930 2637 Sap.
944 2605 990 2635 iv,
1010 2597 1047 2627 15
1064 2600 1096 2629 et
1113 2606 1166 2647 19.
1185 2613 1228 2620 —
1246 2597 1260 2619 ³
1273 2596 1394 2630 Jerem.
1414 2607 1438 2636 ι,
1463 2608 1497 2640 7.
1522 2614 1562 2622 --
1579 2598 1594 2626 ⁴
1611 2595 1711 2630 Eccli.

344 2655 420 2683 vm,
438 2656 487 2686 ιι,
505 2652 538 2681 et
550 2658 656 2690 xxxn,
678 2649 728 2684 ιδ.
739 2666 781 2676 —·
798 2651 814 2675 ὅ
830 2648 936 2684 Marc.
951 2660 1019 2691 xiv,
1036 2650 1086 2684 ⁵3.
1108 2668 1150 2676 -
1163 2651 1180 2675 ⁸
1194 2649 1245 2684 Id.
1261 2660 1313 2690 xv,
1333 2661 1363 2685 1.
1374 2668 1415 2678 —
1436 2658 1449 2682 ⁷
1467 2650 1542 2686 Act.
1568 2661 1616 2694 xv,
1632 2654 1667 2692 ἰς
1680 2651 1716 2684 'e't

345 2708 435 2744 seqq.
