1800 3236
387 293 472 336 320
933 305 967 333 s.
1005 305 1199 334 AMBRosn

374 385 458 428 ritu
480 384 674 442 judaico,
706 390 907 440 tanquam
937 382 1052 426 fratri
1077 381 1265 424 defuncti
1295 381 1399 437 ritus
1429 381 1581 425 veteris
1605 381 1741 424 Evan-

381 457 490 515 gelio
507 455 730 498 mulierem
755 454 868 496 illam
891 444 1200 511 intelligibilem
1221 452 1383 495 nubere
1404 467 1455 495 ex
1475 451 1586 511 Lege
1602 453 1747 495 volue-

379 536 500 577 runt3
524 526 620 584 quia
644 525 730 568 Lex
746 525 1020 584 Evangelium
1042 524 1224 567 fraterna
1242 524 1426 581 quadam
1447 522 1747 582 praedicatione

378 598 603 657 praecessit.
635 596 746 655 Ergo
780 594 1011 653 Synagogae
1042 603 1169 654 caput
1199 602 1416 642 mortuum
1439 603 1527 644 est,
1553 593 1636 636 hoc
1654 603 1746 644 cst,

381 677 508 728 caput
544 668 636 726 ejus
663 667 749 710 Lex
781 675 948 709 mortua
979 675 1069 716 est,
1103 665 1339 709 observatio
1363 664 1560 708 videlicet
1587 664 1708 723 Legis
1735 680 1744 707 ε

381 748 582 783 evacuata
602 747 664 782 est
682 737 803 796 Legis
824 738 963 780 littera
978 770 988 786 ,
1008 736 1206 795 spiritalis
1228 735 1321 793 ejus
1343 736 1582 779 intellectus
1603 736 1748 779 astrui-

383 818 462 853 tur.
491 809 628 867 Hujus
652 808 949 851 commotionis
970 807 1165 849 meminit
1191 806 1327 849 David
1352 806 1393 848 in
1413 806 1750 864 quadragesimo-

382 879 505 923 tertio
525 869 691 923 Psalmo
706 911 716 928 ,
743 878 888 921 ‹licen‘s
913 894 922 920 :
941 896 956 917 «
977 877 1158 920 Posuisti
1179 891 1255 919 nos
1278 876 1322 918 in
1344 876 1589 934 parabolam
1610 876 1749 935 genti-

380 971 395 993 »
409 953 488 994 bus
503 984 514 1000 ,
544 950 876 993 commotionem
897 948 1047 1007 capitis
1063 949 1104 991 in
1126 948 1294 1007 populis
1307 947 1344 998 ³3
1365 967 1380 989 »
1395 963 1444 991 eo
1467 949 1582 1006 quod
1601 964 1621 991 a
1638 948 1748 1006 Lege

380 1024 423 1067 iu
445 1023 719 1081 Evangelinm
741 1022 793 1065 sit
808 1022 918 1064 facta
935 1020 1181 1069 commotio,
1201 1020 1320 1078 quasi
1338 1019 1534 1063 transitus
1556 1020 1743 1078 quidam.

381 1096 429 1139 Iu
452 1095 654 1139 vicesimo
675 1102 815 1136 autem
837 1101 880 1136 et
901 1093 1038 1152 primo
1054 1093 1249 1142 Psalmo,
1272 1092 1315 1134 in
1330 1107 1414 1150 quo
1432 1092 1559 1135 totius
1571 1092 1749 1151 prophe-

376 1174 490 1209 tatur
512 1165 639 1208 series
662 1164 863 1223 passionis
879 1197 889 1213 ‚
920 1163 980 1206 sic
1009 1163 1140 1206 habet
1159 1179 1168 1205 :
1187 1182 1203 1201 «
1230 1163 1390 1206 Omnes
1418 1157 1490 1223 qui
1513 1162 1748 1221 conspicie-

378 1255 395 1278 ι)
408 1237 508 1278 bant
526 1251 595 1278 me
611 1268 621 1284 ,
637 1235 974 1293 aspernabantur
991 1249 1060 1276 me
1073 1267 1083 1283 ‚
1107 1242 1149 1276 et
1165 1233 1297 1276 locuti
1319 1242 1417 1276 sunt
1437 1234 1580 1285 labiis,
1602 1241 1643 1276 et
1661 1248 1750 1276 mo-

380 1326 396 1348 »
411 1315 563 1350 verunt
585 1314 729 1364 caput.
757 1305 951 1363 Spei-avit
974 1304 1016 1346 in
1039 1304 1222 1347 Domino
1239 1337 1249 1353 ,
1268 1304 1418 1362 eripiat
1438 1319 1536 1347 eum
1558 1320 1568 1346 τ
1590 1305 1749 1347 salvum

379 1396 395 1418 n
410 1377 535 1420 faciat
555 1392 676 1425 eum;
703 1376 902 1434 quoniam
925 1377 1129 1418 vulteum
1147 1375 1176 1418 Δ.
1202 1375 1453 1418 »Moverunt
1473 1390 1572 1433 ergo
1591 1373 1749 1433 Legem

380 1464 472 1506 quae
510 1447 736 1490 immobilis
773 1447 1021 1494 videbatur;
1062 1454 1103 1488 et
1139 1446 1235 1489 ideo
1267 1445 1362 1488 finis
1399 1445 1520 1504 Legis
1558 1445 1749 1488 Christus

380 1519 564 1563 intravit.

437 1591 511 1633 IX.
535 1589 620 1642 Qui
642 1595 865 1631 moverunt
883 1587 1018 1646 capita
1035 1588 1233 1631 Phariszei
1251 1588 1450 1638 fuerunt,
1469 1587 1512 1630 id
1528 1596 1591 1630 est
1604 1619 1615 1637 ,
1640 1602 1662 1630 a
1675 1603 1750 1631 ve-

376 1662 499 1704 ritate
522 1660 639 1702 divisi
659 1677 669 1708 ;
690 1661 804 1702 unde
825 1668 867 1702 et
890 1660 931 1702 in
950 1660 1169 1702 veritatem
1184 1675 1271 1702 non
1291 1659 1578 1702 crediderunt.
1606 1658 1688 1703 Sed
1707 1667 1750 1702 et

377 1730 436 1774 sic
458 1738 596 1789 potest
619 1729 753 1788 accipi
780 1745 789 1771 :
815 1729 1038 1772 Moverunt
1061 1739 1187 1787 caput
1207 1746 1331 1773 suum
1355 1730 1598 1779 Christum,
1616 1730 1688 1789 qui
1704 1730 1747 1772 in

378 1816 451 1844 sua
470 1808 642 1843 venerat
668 1800 776 1854 :sed
797 1808 1024 1842 moverunt
1046 1815 1142 1843 eum
1161 1833 1172 1850 ‚
1193 1801 1291 1858 quia
1315 1801 1378 1843 sui
1400 1815 1498 1843 eum
1522 1815 1606 1842 non
1629 1815 1748 1842 rece-

376 1881 544 1932 perunt.
570 1872 792 1914 Moverunt
820 1880 988 1921 autem,
1014 1870 1205 1913 dicentes
1229 1887 1271 1913 :a
1288 1872 1432 1920 Tolle,
1456 1872 1579 1920 tolle,
1607 1869 1749 1913 cruci-

375 1943 488 2002 »fige
509 1957 606 1984 eum
640 1941 669 1984 ³..
701 1961 714 1981 n
735 1942 788 1984 Et
808 1949 1032 1984 moverunt
1061 1951 1190 2000 caput
1219 1957 1368 1990 suum,
1404 1941 1476 1998 qui
1509 1955 1638 1983 onera
1675 1956 1749 1983 sua

371 2029 542 2057 movere
565 2013 796 2067 nolebaut3
823 2027 921 2054 cum
945 2011 1124 2069 ligarent
1145 2027 1273 2054 onera
1301 2011 1463 2070 gravia,
1488 2019 1531 2053 et
1553 2011 1641 2053 aliis
1663 2011 1743 2053 im·

373 2093 579 2146 ponerent
603 2100 611 2126 ε
631 2102 645 2123 «
658 2084 742 2142 Ipsi
755 2092 895 2126 autem
910 2083 1061 2141 digito,
1083 2083 1241 2140 inquit,
1258 2099 1306 2126 ea
1323 2097 1493 2126 movere
1510 2081 1702 2125 nolunt&
1717 2100 1733 2122 n

374 2157 502 2209 Quod
522 2163 584 2198 est
605 2154 858 2212 mysticum;
883 2154 978 2211 quia
1014 2154 1246 2212 corporalis
1273 2154 1378 2196 ritus
1404 2152 1741 2196 observationem

370 2241 588 2284 nunquam
611 2233 777 2267 mutare
807 2226 1057 2274 voluerunt,
1096 2233 1138 2266 et
1173 2225 1450 2266 introducere
1474 2223 1740 2266 intellectum

371 2298 624 2357 spiritalem..
639 2296 828 2354 Digitum
851 2294 964 2338 enim
986 2310 1064 2352 pro
1085 2294 1244 2352 Spiritu
1273 2295 1473 2353 legimus,
1498 2302 1546 2335 ut
1563 2293 1650 2336 Lex
1674 2293 1738 2335 di—

372 2369 457 2427 gito
477 2366 555 2410 Dei
573 2365 727 2423 scripta
753 2374 816 2408 est
835 2365 847 2387 ⁵
869 2397 880 2415 ,
908 2373 950 2407 et
969 2365 1064 2407 ideo
1084 2365 1170 2408 Lex
1186 2364 1382 2423 spiritalis
1404 2372 1480 2406 est.
1502 2363 1738 2406 Nolueruut

366 2454 468 2498 ergo
489 2453 616 2480 onera
642 2451 715 2479 sua
736 2451 930 2485 movere,
961 2451 1052 2492 quae
1075 2443 1173 2478 sunt
1195 2435 1333 2493 gravia
1349 2467 1360 2485 ‚
1385 2442 1427 2477 et
1449 2436 1542 2478 leve
1579 2431 1737 2476 Christi
1799 2465 1800 2473 ,

363 2509 512 2568 jugum
534 2516 659 2564 atque
680 2521 786 2549 onus
803 2505 895 2564 ejus
919 2521 1045 2548 suave
1067 2506 1294 2564 suscipere.

409 2619 415 2634 ¹
440 2611 524 2644 Psnl.
542 2621 635 2649 xciii,
662 2611 711 2643 15.
729 2628 769 2634 —
792 2619 804 2634 ¹
833 2608 967 2648 Id.xx1‚
985 2608 1017 2648 8,
1048 2619 1081 2651 9.
1108 2625 1146 2634 --
1166 2610 1179 2633 3
1198 2609 1295 2642 Joan·
1314 2617 1397 2648 xlx,
1426 2607 1478 2642 15.
1503 2624 1541 2631 —
1569 2607 1582 2635 ⁴
1609 2605 1731 2641 Ma'dh.

362 2665 508 2704 xx1u‚4.
529 2683 568 2689 —
589 2666 602 2687 ὅ
622 2664 717 2698 Deut.
737 2674 782 2703 ix,
806 2674 852 2697 ιο.
