<?xml version="1.0" encoding="UTF-8"?>
<!DOCTYPE html PUBLIC "-//W3C//DTD XHTML 1.0 Transitional//EN"
    "http://www.w3.org/TR/xhtml1/DTD/xhtml1-transitional.dtd">
<html xmlns="http://www.w3.org/1999/xhtml" xml:lang="en" lang="en">
 <head>
  <title>
</title>
<meta http-equiv="Content-Type" content="text/html;charset=utf-8" />
  <meta name='ocr-system' content='tesseract 3.04.00' />
  <meta name='ocr-capabilities' content='ocr_page ocr_carea ocr_par ocr_line ocrx_word'/>
</head>
<body>
  <div class='ocr_page' id='page_1' title='image "./omniaequaeextant04ambruoft_0214.png"; bbox 0 0 1800 3236; ppageno 0'>
   <div class='ocr_carea' id='block_1_1' title="bbox 354 282 1162 333">
    <p class='ocr_par' dir='ltr' id='par_1_1' title="bbox 354 282 1162 333">
     <span class='ocr_line' id='line_1_1' title="bbox 354 282 1162 333; baseline -0.004 -10"><span class='ocrx_word' id='word_1_1' title='bbox 354 282 449 333; x_wconf 68' lang='lat'>204,</span> <span class='ocrx_word' id='word_1_2' title='bbox 722 312 724 315; x_wconf 85' lang='lat'><em>.</em></span> <span class='ocrx_word' id='word_1_3' title='bbox 900 291 931 319; x_wconf 85' lang='lat' dir='ltr'>s.</span> <span class='ocrx_word' id='word_1_4' title='bbox 972 290 1162 320; x_wconf 63' lang='lat' dir='ltr'>Ainmosn</span> 
     </span>
    </p>
   </div>
   <div class='ocr_carea' id='block_1_2' title="bbox 308 360 1736 2636">
    <p class='ocr_par' dir='ltr' id='par_1_2' title="bbox 350 360 1732 640">
     <span class='ocr_line' id='line_1_2' title="bbox 350 360 1732 431; baseline 0.001 -15"><span class='ocrx_word' id='word_1_5' title='bbox 350 372 585 416; x_wconf 82' lang='lat' dir='ltr'>secundum</span> <span class='ocrx_word' id='word_1_6' title='bbox 608 369 836 428; x_wconf 82' lang='lat' dir='ltr'>imaginem</span> <span class='ocrx_word' id='word_1_7' title='bbox 863 360 939 413; x_wconf 85' lang='lat' dir='ltr'>Dei</span> <span class='ocrx_word' id='word_1_8' title='bbox 965 378 1053 420; x_wconf 83' lang='lat' dir='ltr'>est,</span> <span class='ocrx_word' id='word_1_9' title='bbox 1076 384 1161 412; x_wconf 89' lang='lat' dir='ltr'>non</span> <span class='ocrx_word' id='word_1_10' title='bbox 1184 377 1248 413; x_wconf 83' lang='lat' dir='ltr'>est</span> <span class='ocrx_word' id='word_1_11' title='bbox 1273 371 1316 414; x_wconf 91' lang='lat' dir='ltr'>in</span> <span class='ocrx_word' id='word_1_12' title='bbox 1337 383 1540 431; x_wconf 83' lang='lat' dir='ltr'>corpore,</span> <span class='ocrx_word' id='word_1_13' title='bbox 1566 373 1732 418; x_wconf 68' lang='lat' dir='ltr'>necin⁷</span> 
     </span>
     <span class='ocr_line' id='line_1_3' title="bbox 351 440 1717 500; baseline 0.001 -15"><span class='ocrx_word' id='word_1_14' title='bbox 351 441 549 500; x_wconf 83' lang='lat' dir='ltr'>materia,</span> <span class='ocrx_word' id='word_1_15' title='bbox 580 441 720 484; x_wconf 86' lang='lat' dir='ltr'>sedin</span> <span class='ocrx_word' id='word_1_16' title='bbox 754 440 892 483; x_wconf 85' lang='lat' dir='ltr'>anima</span> <span class='ocrx_word' id='word_1_17' title='bbox 930 440 1182 484; x_wconf 77' lang='lat' dir='ltr'>rationabili.</span> <span class='ocrx_word' id='word_1_18' title='bbox 1223 442 1286 484; x_wconf 88' lang='lat' dir='ltr'>Ibi</span> <span class='ocrx_word' id='word_1_19' title='bbox 1310 451 1524 500; x_wconf 83' lang='lat' dir='ltr'><strong>operatur,</strong></span> <span class='ocrx_word' id='word_1_20' title='bbox 1556 442 1615 487; x_wconf 88' lang='lat' dir='ltr'>ibi</span> <span class='ocrx_word' id='word_1_21' title='bbox 1646 451 1717 486; x_wconf 72' lang='lat' dir='ltr'>os·-</span> 
     </span>
     <span class='ocr_line' id='line_1_4' title="bbox 351 510 1719 572; baseline 0.001 -17"><span class='ocrx_word' id='word_1_22' title='bbox 351 512 540 556; x_wconf 83' lang='lat' dir='ltr'>tenditur</span> <span class='ocrx_word' id='word_1_23' title='bbox 556 512 685 555; x_wconf 87' lang='lat' dir='ltr'>homo</span> <span class='ocrx_word' id='word_1_24' title='bbox 709 512 761 554; x_wconf 86' lang='lat' dir='ltr'>ad</span> <span class='ocrx_word' id='word_1_25' title='bbox 783 510 1102 554; x_wconf 87' lang='lat' dir='ltr'>similitudinem</span> <span class='ocrx_word' id='word_1_26' title='bbox 1119 520 1161 554; x_wconf 89' lang='lat' dir='ltr'>et</span> <span class='ocrx_word' id='word_1_27' title='bbox 1177 512 1405 571; x_wconf 82' lang='lat' dir='ltr'>imaginem</span> <span class='ocrx_word' id='word_1_28' title='bbox 1420 514 1522 564; x_wconf 86' lang='lat' dir='ltr'>Dei,</span> <span class='ocrx_word' id='word_1_29' title='bbox 1545 513 1618 557; x_wconf 86' lang='lat' dir='ltr'>ubi</span> <span class='ocrx_word' id='word_1_30' title='bbox 1633 513 1719 572; x_wconf 85' lang='lat' dir='ltr'>jus-</span> 
     </span>
     <span class='ocr_line' id='line_1_5' title="bbox 354 582 1712 640; baseline 0.001 -14"><span class='ocrx_word' id='word_1_31' title='bbox 354 583 453 626; x_wconf 78' lang='lat' dir='ltr'>titiae</span> <span class='ocrx_word' id='word_1_32' title='bbox 468 615 478 632; x_wconf 86' lang='lat'>‚</span> <span class='ocrx_word' id='word_1_33' title='bbox 505 583 577 626; x_wconf 90' lang='lat' dir='ltr'>ubi</span> <span class='ocrx_word' id='word_1_34' title='bbox 599 582 838 640; x_wconf 72' lang='lat' dir='ltr'>sapientiae,</span> <span class='ocrx_word' id='word_1_35' title='bbox 866 582 938 625; x_wconf 88' lang='lat' dir='ltr'>ubi</span> <span class='ocrx_word' id='word_1_36' title='bbox 967 582 1103 626; x_wconf 88' lang='lat' dir='ltr'>omnis</span> <span class='ocrx_word' id='word_1_37' title='bbox 1125 583 1261 626; x_wconf 84' lang='lat' dir='ltr'>forma</span> <span class='ocrx_word' id='word_1_38' title='bbox 1284 583 1449 628; x_wconf 86' lang='lat' dir='ltr'>virtutis</span> <span class='ocrx_word' id='word_1_39' title='bbox 1472 585 1712 629; x_wconf 80' lang='lat' dir='ltr'>assumitur.</span> 
     </span>
    </p>

    <p class='ocr_par' dir='ltr' id='par_1_3' title="bbox 308 652 1735 2134">
     <span class='ocr_line' id='line_1_6' title="bbox 411 652 1715 714; baseline 0.002 -18"><span class='ocrx_word' id='word_1_40' title='bbox 411 654 526 697; x_wconf 76' lang='lat' dir='ltr'>XVI.</span> <span class='ocrx_word' id='word_1_41' title='bbox 573 653 616 696; x_wconf 88' lang='lat' dir='ltr'>Si</span> <span class='ocrx_word' id='word_1_42' title='bbox 654 653 861 711; x_wconf 78' lang='lat' dir='ltr'>intelligas</span> <span class='ocrx_word' id='word_1_43' title='bbox 902 652 1153 711; x_wconf 80' lang='lat' dir='ltr'>imaginem,</span> <span class='ocrx_word' id='word_1_44' title='bbox 1187 653 1349 696; x_wconf 84' lang='lat' dir='ltr'>videbis</span> <span class='ocrx_word' id='word_1_45' title='bbox 1380 656 1434 698; x_wconf 87' lang='lat' dir='ltr'>ad</span> <span class='ocrx_word' id='word_1_46' title='bbox 1466 655 1715 714; x_wconf 84' lang='lat' dir='ltr'>imaginem;</span> 
     </span>
     <span class='ocr_line' id='line_1_7' title="bbox 355 723 1721 782; baseline 0 -14"><span class='ocrx_word' id='word_1_47' title='bbox 355 726 484 768; x_wconf 92' lang='lat' dir='ltr'>homo</span> <span class='ocrx_word' id='word_1_48' title='bbox 504 725 618 768; x_wconf 88' lang='lat' dir='ltr'>enim</span> <span class='ocrx_word' id='word_1_49' title='bbox 641 739 727 767; x_wconf 90' lang='lat' dir='ltr'>non</span> <span class='ocrx_word' id='word_1_50' title='bbox 748 732 810 767; x_wconf 89' lang='lat' dir='ltr'>est</span> <span class='ocrx_word' id='word_1_51' title='bbox 833 723 1100 782; x_wconf 69' lang='lat' dir='ltr'>imago‚Dei,‘</span> <span class='ocrx_word' id='word_1_52' title='bbox 1116 725 1190 766; x_wconf 85' lang='lat' dir='ltr'>sed</span> <span class='ocrx_word' id='word_1_53' title='bbox 1211 725 1264 766; x_wconf 84' lang='lat' dir='ltr'>ad</span> <span class='ocrx_word' id='word_1_54' title='bbox 1287 724 1607 769; x_wconf 83' lang='lat' dir='ltr'>similitudinem</span> <span class='ocrx_word' id='word_1_55' title='bbox 1628 725 1721 768; x_wconf 73' lang='lat' dir='ltr'>sac·</span> 
     </span>
     <span class='ocr_line' id='line_1_8' title="bbox 355 793 1719 854; baseline 0 -15"><span class='ocrx_word' id='word_1_56' title='bbox 355 805 420 839; x_wconf 85' lang='lat' dir='ltr'>tus</span> <span class='ocrx_word' id='word_1_57' title='bbox 438 804 513 838; x_wconf 88' lang='lat' dir='ltr'>est.</span> <span class='ocrx_word' id='word_1_58' title='bbox 537 795 655 839; x_wconf 86' lang='lat' dir='ltr'>Alius</span> <span class='ocrx_word' id='word_1_59' title='bbox 677 802 739 838; x_wconf 90' lang='lat' dir='ltr'>est</span> <span class='ocrx_word' id='word_1_60' title='bbox 762 794 899 853; x_wconf 81' lang='lat' dir='ltr'>imago</span> <span class='ocrx_word' id='word_1_61' title='bbox 923 793 999 837; x_wconf 87' lang='lat' dir='ltr'>Dei</span> <span class='ocrx_word' id='word_1_62' title='bbox 1025 794 1265 844; x_wconf 88' lang='lat' dir='ltr'>invisibilis,</span> <span class='ocrx_word' id='word_1_63' title='bbox 1288 795 1594 854; x_wconf 86' lang='lat' dir='ltr'>primogenitus</span> <span class='ocrx_word' id='word_1_64' title='bbox 1624 795 1719 839; x_wconf 88' lang='lat' dir='ltr'>uni-</span> 
     </span>
     <span class='ocr_line' id='line_1_9' title="bbox 354 862 1721 924; baseline -0.001 -14"><span class='ocrx_word' id='word_1_65' title='bbox 354 883 483 910; x_wconf 77' lang='lat' dir='ltr'>versa:</span> <span class='ocrx_word' id='word_1_66' title='bbox 505 872 734 916; x_wconf 77' lang='lat' dir='ltr'>creaturae,</span> <span class='ocrx_word' id='word_1_67' title='bbox 759 881 835 924; x_wconf 85' lang='lat' dir='ltr'>per</span> <span class='ocrx_word' id='word_1_68' title='bbox 857 880 983 923; x_wconf 88' lang='lat' dir='ltr'>quem</span> <span class='ocrx_word' id='word_1_69' title='bbox 1006 866 1115 907; x_wconf 88' lang='lat' dir='ltr'>sacta</span> <span class='ocrx_word' id='word_1_70' title='bbox 1140 862 1239 909; x_wconf 86' lang='lat' dir='ltr'>sunt</span> <span class='ocrx_word' id='word_1_71' title='bbox 1263 866 1418 910; x_wconf 85' lang='lat' dir='ltr'>omnia.</span> <span class='ocrx_word' id='word_1_72' title='bbox 1448 867 1524 911; x_wconf 87' lang='lat' dir='ltr'>Ille</span> <span class='ocrx_word' id='word_1_73' title='bbox 1552 882 1640 910; x_wconf 90' lang='lat' dir='ltr'>non</span> <span class='ocrx_word' id='word_1_74' title='bbox 1667 865 1721 909; x_wconf 83' lang='lat' dir='ltr'>ad</span> 
     </span>
     <span class='ocr_line' id='line_1_10' title="bbox 354 937 1716 996; baseline -0.001 -16"><span class='ocrx_word' id='word_1_75' title='bbox 354 938 607 996; x_wconf 81' lang='lat' dir='ltr'>imaginem,</span> <span class='ocrx_word' id='word_1_76' title='bbox 638 938 711 980; x_wconf 87' lang='lat' dir='ltr'>sed</span> <span class='ocrx_word' id='word_1_77' title='bbox 733 937 870 995; x_wconf 85' lang='lat' dir='ltr'>imago</span> <span class='ocrx_word' id='word_1_78' title='bbox 891 953 900 978; x_wconf 92' lang='lat'>:</span> <span class='ocrx_word' id='word_1_79' title='bbox 924 945 973 979; x_wconf 83' lang='lat' dir='ltr'>tu</span> <span class='ocrx_word' id='word_1_80' title='bbox 998 952 1084 978; x_wconf 91' lang='lat' dir='ltr'>non</span> <span class='ocrx_word' id='word_1_81' title='bbox 1109 937 1271 995; x_wconf 79' lang='lat' dir='ltr'>imagO,</span> <span class='ocrx_word' id='word_1_82' title='bbox 1298 938 1376 980; x_wconf 71' lang='lat' dir='ltr'>sed·</span> <span class='ocrx_word' id='word_1_83' title='bbox 1394 938 1447 980; x_wconf 83' lang='lat' dir='ltr'>ad</span> <span class='ocrx_word' id='word_1_84' title='bbox 1474 937 1716 995; x_wconf 81' lang='lat' dir='ltr'>imaginem.</span> 
     </span>
     <span class='ocr_line' id='line_1_11' title="bbox 357 1002 1722 1069; baseline 0 -19"><span class='ocrx_word' id='word_1_85' title='bbox 357 1009 497 1051; x_wconf 82' lang='lat' dir='ltr'>Habes</span> <span class='ocrx_word' id='word_1_86' title='bbox 519 1024 618 1066; x_wconf 86' lang='lat' dir='ltr'>ergo</span> <span class='ocrx_word' id='word_1_87' title='bbox 641 1007 682 1050; x_wconf 91' lang='lat' dir='ltr'>in</span> <span class='ocrx_word' id='word_1_88' title='bbox 703 1016 771 1050; x_wconf 84' lang='lat' dir='ltr'>tua</span> <span class='ocrx_word' id='word_1_89' title='bbox 790 1007 1023 1069; x_wconf 85' lang='lat' dir='ltr'>substantia</span> <span class='ocrx_word' id='word_1_90' title='bbox 1047 1007 1206 1065; x_wconf 82' lang='lat' dir='ltr'>aliquid</span> <span class='ocrx_word' id='word_1_91' title='bbox 1230 1002 1282 1051; x_wconf 79' lang='lat' dir='ltr'>de</span> <span class='ocrx_word' id='word_1_92' title='bbox 1296 1008 1486 1065; x_wconf 61' lang='lat' dir='ltr'>imagine</span> <span class='ocrx_word' id='word_1_93' title='bbox 1507 1015 1551 1051; x_wconf 89' lang='lat' dir='ltr'>et</span> <span class='ocrx_word' id='word_1_94' title='bbox 1572 1007 1722 1051; x_wconf 81' lang='lat' dir='ltr'>simili-</span> 
     </span>
     <span class='ocr_line' id='line_1_12' title="bbox 356 1079 1726 1137; baseline -0.001 -15"><span class='ocrx_word' id='word_1_95' title='bbox 356 1080 504 1122; x_wconf 81' lang='lat' dir='ltr'>tudine</span> <span class='ocrx_word' id='word_1_96' title='bbox 532 1080 632 1129; x_wconf 89' lang='lat' dir='ltr'>Dei,</span> <span class='ocrx_word' id='word_1_97' title='bbox 668 1081 783 1137; x_wconf 85' lang='lat' dir='ltr'>quod</span> <span class='ocrx_word' id='word_1_98' title='bbox 814 1080 866 1121; x_wconf 91' lang='lat' dir='ltr'>sit</span> <span class='ocrx_word' id='word_1_99' title='bbox 902 1079 1052 1122; x_wconf 83' lang='lat' dir='ltr'>divinae</span> <span class='ocrx_word' id='word_1_100' title='bbox 1089 1080 1225 1122; x_wconf 87' lang='lat' dir='ltr'>simile</span> <span class='ocrx_word' id='word_1_101' title='bbox 1255 1079 1461 1137; x_wconf 77' lang='lat' dir='ltr'>imaginis.</span> <span class='ocrx_word' id='word_1_102' title='bbox 1497 1080 1726 1137; x_wconf 75' lang='lat' dir='ltr'>Propterea</span> 
     </span>
     <span class='ocr_line' id='line_1_13' title="bbox 356 1151 1730 1210; baseline 0 -17"><span class='ocrx_word' id='word_1_103' title='bbox 356 1152 494 1210; x_wconf 85' lang='lat' dir='ltr'>imago</span> <span class='ocrx_word' id='word_1_104' title='bbox 513 1153 673 1194; x_wconf 85' lang='lat' dir='ltr'>adeum</span> <span class='ocrx_word' id='word_1_105' title='bbox 692 1151 763 1208; x_wconf 83' lang='lat' dir='ltr'>qui</span> <span class='ocrx_word' id='word_1_106' title='bbox 780 1159 842 1193; x_wconf 86' lang='lat' dir='ltr'>est</span> <span class='ocrx_word' id='word_1_107' title='bbox 860 1153 911 1194; x_wconf 81' lang='lat' dir='ltr'>ad</span> <span class='ocrx_word' id='word_1_108' title='bbox 930 1151 1174 1210; x_wconf 87' lang='lat' dir='ltr'>imaginem,</span> <span class='ocrx_word' id='word_1_109' title='bbox 1192 1151 1308 1194; x_wconf 51' lang='lat' dir='ltr'>¹venit</span> <span class='ocrx_word' id='word_1_110' title='bbox 1329 1167 1338 1193; x_wconf 73' lang='grc' dir='ltr'><strong><em>ε</em></strong></span> <span class='ocrx_word' id='word_1_111' title='bbox 1359 1160 1402 1194; x_wconf 89' lang='lat' dir='ltr'>et</span> <span class='ocrx_word' id='word_1_112' title='bbox 1418 1151 1568 1209; x_wconf 78' lang='lat' dir='ltr'>quaerit</span> <span class='ocrx_word' id='word_1_113' title='bbox 1585 1151 1730 1208; x_wconf 81' lang='lat' dir='ltr'>imago</span> 
     </span>
     <span class='ocr_line' id='line_1_14' title="bbox 357 1223 1728 1284; baseline 0.001 -19"><span class='ocrx_word' id='word_1_114' title='bbox 357 1239 476 1272; x_wconf 83' lang='lat' dir='ltr'>oum,</span> <span class='ocrx_word' id='word_1_115' title='bbox 503 1223 574 1280; x_wconf 89' lang='lat' dir='ltr'>qui</span> <span class='ocrx_word' id='word_1_116' title='bbox 606 1231 669 1270; x_wconf 81' lang='lat' dir='ltr'>est</span> <span class='ocrx_word' id='word_1_117' title='bbox 702 1224 755 1284; x_wconf 75' lang='lat' dir='ltr'>ad</span> <span class='ocrx_word' id='word_1_118' title='bbox 783 1223 1103 1267; x_wconf 86' lang='lat' dir='ltr'>similitudinem</span> <span class='ocrx_word' id='word_1_119' title='bbox 1135 1223 1220 1272; x_wconf 88' lang='lat' dir='ltr'>sui;</span> <span class='ocrx_word' id='word_1_120' title='bbox 1246 1232 1291 1266; x_wconf 87' lang='lat' dir='ltr'>ut</span> <span class='ocrx_word' id='word_1_121' title='bbox 1317 1223 1472 1269; x_wconf 76' lang='lat' dir='ltr'>iterum</span> <span class='ocrx_word' id='word_1_122' title='bbox 1493 1223 1656 1281; x_wconf 82' lang='lat' dir='ltr'>signet;</span> <span class='ocrx_word' id='word_1_123' title='bbox 1681 1230 1728 1266; x_wconf 86' lang='lat' dir='ltr'>ut</span> 
     </span>
     <span class='ocr_line' id='line_1_15' title="bbox 359 1294 1729 1354; baseline 0.001 -17"><span class='ocrx_word' id='word_1_124' title='bbox 359 1295 513 1337; x_wconf 88' lang='lat' dir='ltr'>iterum</span> <span class='ocrx_word' id='word_1_125' title='bbox 534 1294 786 1344; x_wconf 83' lang='lat' dir='ltr'>confirmet3</span> <span class='ocrx_word' id='word_1_126' title='bbox 810 1295 906 1353; x_wconf 83' lang='lat' dir='ltr'>quia</span> <span class='ocrx_word' id='word_1_127' title='bbox 932 1295 1132 1338; x_wconf 79' lang='lat' dir='ltr'>amiseras</span> <span class='ocrx_word' id='word_1_128' title='bbox 1154 1297 1270 1350; x_wconf 81' lang='lat' dir='ltr'>quod</span> <span class='ocrx_word' id='word_1_129' title='bbox 1294 1295 1507 1354; x_wconf 81' lang='lat' dir='ltr'>accepisti.</span> <span class='ocrx_word' id='word_1_130' title='bbox 1533 1294 1729 1338; x_wconf 82' lang='lat' dir='ltr'>Insussla-</span> 
     </span>
     <span class='ocr_line' id='line_1_16' title="bbox 358 1365 1731 1424; baseline 0.001 -16"><span class='ocrx_word' id='word_1_131' title='bbox 358 1375 475 1408; x_wconf 86' lang='lat' dir='ltr'>verat</span> <span class='ocrx_word' id='word_1_132' title='bbox 500 1365 611 1408; x_wconf 87' lang='lat' dir='ltr'>enim</span> <span class='ocrx_word' id='word_1_133' title='bbox 644 1365 718 1408; x_wconf 85' lang='lat' dir='ltr'>tibi</span> <span class='ocrx_word' id='word_1_134' title='bbox 739 1366 876 1415; x_wconf 86' lang='lat' dir='ltr'>Deus,</span> <span class='ocrx_word' id='word_1_135' title='bbox 901 1375 947 1409; x_wconf 85' lang='lat' dir='ltr'>ut</span> <span class='ocrx_word' id='word_1_136' title='bbox 974 1365 1259 1424; x_wconf 73' lang='lat' dir='ltr'>inspirationis</span> <span class='ocrx_word' id='word_1_137' title='bbox 1290 1382 1376 1409; x_wconf 83' lang='lat' dir='ltr'>suae</span> <span class='ocrx_word' id='word_1_138' title='bbox 1406 1368 1518 1409; x_wconf 89' lang='lat' dir='ltr'>dono</span> <span class='ocrx_word' id='word_1_139' title='bbox 1549 1366 1731 1410; x_wconf 77' lang='lat' dir='ltr'>haberes</span> 
     </span>
     <span class='ocr_line' id='line_1_17' title="bbox 358 1432 1731 1496; baseline 0.001 -17"><span class='ocrx_word' id='word_1_140' title='bbox 358 1432 556 1496; x_wconf 76' lang='lat' dir='ltr'>gratiam,</span> <span class='ocrx_word' id='word_1_141' title='bbox 590 1451 717 1494; x_wconf 82' lang='lat' dir='ltr'>quam</span> <span class='ocrx_word' id='word_1_142' title='bbox 751 1437 827 1479; x_wconf 89' lang='lat' dir='ltr'>tibi</span> <span class='ocrx_word' id='word_1_143' title='bbox 857 1445 930 1479; x_wconf 85' lang='lat' dir='ltr'>tua</span> <span class='ocrx_word' id='word_1_144' title='bbox 960 1438 1083 1495; x_wconf 81' lang='lat' dir='ltr'>culpa</span> <span class='ocrx_word' id='word_1_145' title='bbox 1115 1439 1353 1481; x_wconf 74' lang='lat' dir='ltr'>sustulerat.</span> <span class='ocrx_word' id='word_1_146' title='bbox 1381 1438 1414 1482; x_wconf 87' lang='lat' dir='ltr'>F</span> <span class='ocrx_word' id='word_1_147' title='bbox 1419 1445 1537 1485; x_wconf 84' lang='lat' dir='ltr'>actus</span> <span class='ocrx_word' id='word_1_148' title='bbox 1568 1453 1661 1481; x_wconf 87' lang='lat' dir='ltr'>eras</span> <span class='ocrx_word' id='word_1_149' title='bbox 1687 1437 1731 1481; x_wconf 88' lang='lat' dir='ltr'>in</span> 
     </span>
     <span class='ocr_line' id='line_1_18' title="bbox 308 1508 1733 1566; baseline 0.001 -15"><span class='ocrx_word' id='word_1_150' title='bbox 308 1517 313 1519; x_wconf 62' lang='grc'><em>“</em></span> <span class='ocrx_word' id='word_1_151' title='bbox 360 1509 542 1551; x_wconf 82' lang='lat' dir='ltr'>animam</span> <span class='ocrx_word' id='word_1_152' title='bbox 563 1508 774 1551; x_wconf 80' lang='lat' dir='ltr'>viventem</span> <span class='ocrx_word' id='word_1_153' title='bbox 797 1524 806 1550; x_wconf 90' lang='lat'><strong>:</strong></span> <span class='ocrx_word' id='word_1_154' title='bbox 835 1509 932 1551; x_wconf 85' lang='lat' dir='ltr'>audi</span> <span class='ocrx_word' id='word_1_155' title='bbox 965 1509 1067 1566; x_wconf 87' lang='lat' dir='ltr'>quid</span> <span class='ocrx_word' id='word_1_156' title='bbox 1095 1508 1232 1558; x_wconf 83' lang='lat' dir='ltr'>dicat,</span> <span class='ocrx_word' id='word_1_157' title='bbox 1258 1524 1344 1552; x_wconf 88' lang='lat' dir='ltr'>non</span> <span class='ocrx_word' id='word_1_158' title='bbox 1371 1508 1412 1551; x_wconf 91' lang='lat' dir='ltr'>in</span> <span class='ocrx_word' id='word_1_159' title='bbox 1435 1524 1631 1558; x_wconf 82' lang='lat' dir='ltr'>carnem,</span> <span class='ocrx_word' id='word_1_160' title='bbox 1656 1509 1733 1552; x_wconf 76' lang='lat' dir='ltr'>sed</span> 
     </span>
     <span class='ocr_line' id='line_1_19' title="bbox 360 1579 1731 1638; baseline -0.001 -15"><span class='ocrx_word' id='word_1_161' title='bbox 360 1580 400 1623; x_wconf 89' lang='lat' dir='ltr'>in</span> <span class='ocrx_word' id='word_1_162' title='bbox 430 1580 614 1622; x_wconf 83' lang='lat' dir='ltr'>animam</span> <span class='ocrx_word' id='word_1_163' title='bbox 642 1580 865 1622; x_wconf 86' lang='lat' dir='ltr'>viventem.</span> <span class='ocrx_word' id='word_1_164' title='bbox 903 1579 988 1622; x_wconf 80' lang='lat' dir='ltr'>Sed</span> <span class='ocrx_word' id='word_1_165' title='bbox 1016 1579 1113 1636; x_wconf 84' lang='lat' dir='ltr'>quia</span> <span class='ocrx_word' id='word_1_166' title='bbox 1135 1588 1350 1637; x_wconf 84' lang='lat' dir='ltr'>peccator·</span> <span class='ocrx_word' id='word_1_167' title='bbox 1369 1579 1633 1638; x_wconf 82' lang='lat' dir='ltr'>signaculum</span> <span class='ocrx_word' id='word_1_168' title='bbox 1667 1586 1731 1621; x_wconf 87' lang='lat' dir='ltr'>te-</span> 
     </span>
     <span class='ocr_line' id='line_1_20' title="bbox 360 1649 1732 1709; baseline 0 -17"><span class='ocrx_word' id='word_1_169' title='bbox 360 1665 461 1692; x_wconf 83' lang='lat' dir='ltr'>ncre</span> <span class='ocrx_word' id='word_1_170' title='bbox 486 1664 571 1692; x_wconf 91' lang='lat' dir='ltr'>non</span> <span class='ocrx_word' id='word_1_171' title='bbox 593 1650 758 1709; x_wconf 85' lang='lat' dir='ltr'>potuit,</span> <span class='ocrx_word' id='word_1_172' title='bbox 789 1657 831 1692; x_wconf 86' lang='lat' dir='ltr'>et</span> <span class='ocrx_word' id='word_1_173' title='bbox 857 1649 897 1691; x_wconf 88' lang='lat' dir='ltr'>in</span> <span class='ocrx_word' id='word_1_174' title='bbox 933 1649 1110 1692; x_wconf 86' lang='lat' dir='ltr'>crimine</span> <span class='ocrx_word' id='word_1_175' title='bbox 1139 1649 1300 1707; x_wconf 87' lang='lat' dir='ltr'>positus</span> <span class='ocrx_word' id='word_1_176' title='bbox 1326 1664 1412 1692; x_wconf 87' lang='lat' dir='ltr'>non</span> <span class='ocrx_word' id='word_1_177' title='bbox 1433 1649 1732 1706; x_wconf 77' lang='lat' dir='ltr'>habebat‚quae</span> 
     </span>
     <span class='ocr_line' id='line_1_21' title="bbox 361 1718 1731 1781; baseline 0.001 -16"><span class='ocrx_word' id='word_1_178' title='bbox 361 1721 437 1765; x_wconf 87' lang='lat' dir='ltr'>Dei</span> <span class='ocrx_word' id='word_1_179' title='bbox 468 1728 590 1770; x_wconf 82' lang='lat' dir='ltr'>sunt,</span> <span class='ocrx_word' id='word_1_180' title='bbox 625 1722 699 1763; x_wconf 84' lang='lat' dir='ltr'>sed</span> <span class='ocrx_word' id='word_1_181' title='bbox 735 1736 827 1778; x_wconf 83' lang='lat' dir='ltr'>quae</span> <span class='ocrx_word' id='word_1_182' title='bbox 860 1720 1082 1763; x_wconf 89' lang='lat' dir='ltr'>hominum</span> <span class='ocrx_word' id='word_1_183' title='bbox 1099 1736 1111 1770; x_wconf 81' lang='lat'><em>3</em></span> <span class='ocrx_word' id='word_1_184' title='bbox 1139 1729 1365 1779; x_wconf 85' lang='lat' dir='ltr'>propterea</span> <span class='ocrx_word' id='word_1_185' title='bbox 1386 1720 1500 1766; x_wconf 81' lang='lat' dir='ltr'>venit</span> <span class='ocrx_word' id='word_1_186' title='bbox 1523 1718 1731 1781; x_wconf 66' lang='lat' dir='ltr'>Dominus</span> 
     </span>
     <span class='ocr_line' id='line_1_22' title="bbox 362 1789 1734 1850; baseline -0.001 -17"><span class='ocrx_word' id='word_1_187' title='bbox 362 1800 505 1845; x_wconf 75' lang='lat' dir='ltr'>noster</span> <span class='ocrx_word' id='word_1_188' title='bbox 525 1790 648 1834; x_wconf 85' lang='lat' dir='ltr'>Jesus</span> <span class='ocrx_word' id='word_1_189' title='bbox 667 1791 877 1841; x_wconf 83' lang='lat' dir='ltr'>Christus,</span> <span class='ocrx_word' id='word_1_190' title='bbox 899 1800 944 1834; x_wconf 89' lang='lat' dir='ltr'>ut</span> <span class='ocrx_word' id='word_1_191' title='bbox 959 1791 1098 1849; x_wconf 85' lang='lat' dir='ltr'>legisti</span> <span class='ocrx_word' id='word_1_192' title='bbox 1117 1792 1158 1833; x_wconf 89' lang='lat' dir='ltr'>in</span> <span class='ocrx_word' id='word_1_193' title='bbox 1176 1791 1430 1850; x_wconf 89' lang='lat' dir='ltr'>Evangelio,</span> <span class='ocrx_word' id='word_1_194' title='bbox 1449 1799 1492 1834; x_wconf 85' lang='lat' dir='ltr'>et</span> <span class='ocrx_word' id='word_1_195' title='bbox 1509 1806 1531 1833; x_wconf 87' lang='lat' dir='ltr'>a</span> <span class='ocrx_word' id='word_1_196' title='bbox 1554 1789 1734 1835; x_wconf 76' lang='lat' dir='ltr'>mortuis</span> 
     </span>
     <span class='ocr_line' id='line_1_23' title="bbox 362 1859 1735 1921; baseline -0.001 -17"><span class='ocrx_word' id='word_1_197' title='bbox 362 1877 585 1921; x_wconf 80' lang='lat' dir='ltr'>resurgens</span> <span class='ocrx_word' id='word_1_198' title='bbox 604 1877 702 1905; x_wconf 88' lang='lat' dir='ltr'>cum</span> <span class='ocrx_word' id='word_1_199' title='bbox 726 1863 892 1904; x_wconf 84' lang='lat' dir='ltr'>clausos</span> <span class='ocrx_word' id='word_1_200' title='bbox 914 1862 1153 1920; x_wconf 86' lang='lat' dir='ltr'>Discipulos</span> <span class='ocrx_word' id='word_1_201' title='bbox 1177 1862 1426 1920; x_wconf 81' lang='lat' dir='ltr'>reperisset,</span> <span class='ocrx_word' id='word_1_202' title='bbox 1451 1859 1644 1904; x_wconf 82' lang='lat' dir='ltr'>claustris</span> <span class='ocrx_word' id='word_1_203' title='bbox 1666 1860 1735 1902; x_wconf 84' lang='lat' dir='ltr'>in-</span> 
     </span>
     <span class='ocr_line' id='line_1_24' title="bbox 364 1931 1734 1992; baseline -0.001 -16"><span class='ocrx_word' id='word_1_204' title='bbox 364 1939 537 1992; x_wconf 80' lang='lat' dir='ltr'>gressus</span> <span class='ocrx_word' id='word_1_205' title='bbox 556 1942 620 1976; x_wconf 88' lang='lat' dir='ltr'>est</span> <span class='ocrx_word' id='word_1_206' title='bbox 640 1934 934 1983; x_wconf 84' lang='lat' dir='ltr'>manentibus,</span> <span class='ocrx_word' id='word_1_207' title='bbox 964 1942 1005 1976; x_wconf 86' lang='lat' dir='ltr'>et</span> <span class='ocrx_word' id='word_1_208' title='bbox 1025 1933 1129 1977; x_wconf 73' lang='lat' dir='ltr'>dixit</span> <span class='ocrx_word' id='word_1_209' title='bbox 1151 1949 1160 1975; x_wconf 72' lang='grc' dir='ltr'><strong>ε</strong></span> <span class='ocrx_word' id='word_1_210' title='bbox 1187 1934 1303 1977; x_wconf 88' lang='lat' dir='ltr'>«Pax</span> <span class='ocrx_word' id='word_1_211' title='bbox 1319 1933 1450 1975; x_wconf 89' lang='lat' dir='ltr'>vobis.</span> <span class='ocrx_word' id='word_1_212' title='bbox 1478 1932 1598 1975; x_wconf 85' lang='lat' dir='ltr'>Sicut</span> <span class='ocrx_word' id='word_1_213' title='bbox 1620 1931 1734 1979; x_wconf 84' lang='lat' dir='ltr'>misit</span> 
     </span>
     <span class='ocr_line' id='line_1_25' title="bbox 365 2003 1732 2064; baseline 0.001 -19"><span class='ocrx_word' id='word_1_214' title='bbox 365 2021 462 2047; x_wconf 88' lang='lat' dir='ltr'>»me</span> <span class='ocrx_word' id='word_1_215' title='bbox 479 2006 615 2055; x_wconf 86' lang='lat' dir='ltr'>Pater,</span> <span class='ocrx_word' id='word_1_216' title='bbox 636 2014 679 2048; x_wconf 88' lang='lat' dir='ltr'>et</span> <span class='ocrx_word' id='word_1_217' title='bbox 700 2022 777 2064; x_wconf 85' lang='lat' dir='ltr'>ego</span> <span class='ocrx_word' id='word_1_218' title='bbox 799 2007 922 2048; x_wconf 85' lang='lat' dir='ltr'>mitto</span> <span class='ocrx_word' id='word_1_219' title='bbox 944 2022 1030 2049; x_wconf 87' lang='lat' dir='ltr'>vos.</span> <span class='ocrx_word' id='word_1_220' title='bbox 1063 2007 1257 2064; x_wconf 86' lang='lat' dir='ltr'>Cumque</span> <span class='ocrx_word' id='word_1_221' title='bbox 1274 2006 1356 2056; x_wconf 87' lang='lat' dir='ltr'>hoc</span> <span class='ocrx_word' id='word_1_222' title='bbox 1381 2005 1573 2055; x_wconf 80' lang='lat' dir='ltr'>dixisset,</span> <span class='ocrx_word' id='word_1_223' title='bbox 1599 2003 1732 2048; x_wconf 78' lang='lat' dir='ltr'>insus-</span> 
     </span>
     <span class='ocr_line' id='line_1_26' title="bbox 363 2074 1577 2134; baseline 0 -18"><span class='ocrx_word' id='word_1_224' title='bbox 363 2094 378 2115; x_wconf 68' lang='grc' dir='ltr'>ιι</span> <span class='ocrx_word' id='word_1_225' title='bbox 393 2075 536 2125; x_wconf 83' lang='lat' dir='ltr'>flavit,</span> <span class='ocrx_word' id='word_1_226' title='bbox 561 2085 602 2118; x_wconf 90' lang='lat' dir='ltr'>et</span> <span class='ocrx_word' id='word_1_227' title='bbox 622 2076 724 2118; x_wconf 79' lang='lat' dir='ltr'>dixit</span> <span class='ocrx_word' id='word_1_228' title='bbox 744 2076 802 2118; x_wconf 91' lang='lat' dir='ltr'>eis</span> <span class='ocrx_word' id='word_1_229' title='bbox 824 2092 833 2118; x_wconf 75' lang='grc' dir='ltr'><strong><em>ε</em></strong></span> <span class='ocrx_word' id='word_1_230' title='bbox 854 2076 1046 2134; x_wconf 86' lang='lat' dir='ltr'>Accipite</span> <span class='ocrx_word' id='word_1_231' title='bbox 1065 2076 1271 2134; x_wconf 81' lang='lat' dir='ltr'>Spiritum</span> <span class='ocrx_word' id='word_1_232' title='bbox 1290 2074 1526 2119; x_wconf 86' lang='lat' dir='ltr'>sanctum¹.</span> <span class='ocrx_word' id='word_1_233' title='bbox 1548 2086 1577 2115; x_wconf 75' lang='lat'>»&#39;</span> 
     </span>
    </p>

    <p class='ocr_par' dir='ltr' id='par_1_4' title="bbox 314 2145 1736 2636">
     <span class='ocr_line' id='line_1_27' title="bbox 423 2145 1731 2206; baseline -0.002 -16"><span class='ocrx_word' id='word_1_234' title='bbox 423 2146 559 2190; x_wconf 87' lang='lat' dir='ltr'><strong>XVII.</strong></span> <span class='ocrx_word' id='word_1_235' title='bbox 599 2147 799 2191; x_wconf 79' lang='lat' dir='ltr'>Vides-ne</span> <span class='ocrx_word' id='word_1_236' title='bbox 833 2163 933 2206; x_wconf 86' lang='lat' dir='ltr'>crgo</span> <span class='ocrx_word' id='word_1_237' title='bbox 960 2163 1054 2205; x_wconf 77' lang='lat' dir='ltr'>quae</span> <span class='ocrx_word' id='word_1_238' title='bbox 1090 2163 1242 2190; x_wconf 88' lang='lat' dir='ltr'>manus</span> <span class='ocrx_word' id='word_1_239' title='bbox 1279 2147 1457 2191; x_wconf 81' lang='lat' dir='ltr'>fecerint</span> <span class='ocrx_word' id='word_1_240' title='bbox 1489 2145 1731 2194; x_wconf 78' lang='lat' dir='ltr'>hominem,</span> 
     </span>
     <span class='ocr_line' id='line_1_28' title="bbox 365 2216 1736 2275; baseline 0 -17"><span class='ocrx_word' id='word_1_241' title='bbox 365 2224 437 2258; x_wconf 84' lang='lat' dir='ltr'>aut</span> <span class='ocrx_word' id='word_1_242' title='bbox 455 2232 580 2274; x_wconf 83' lang='lat' dir='ltr'>quem</span> <span class='ocrx_word' id='word_1_243' title='bbox 598 2217 818 2260; x_wconf 87' lang='lat' dir='ltr'>hominem</span> <span class='ocrx_word' id='word_1_244' title='bbox 835 2218 1014 2261; x_wconf 80' lang='lat' dir='ltr'>fecerint</span> <span class='ocrx_word' id='word_1_245' title='bbox 1025 2235 1036 2268; x_wconf 89' lang='lat'>;</span> <span class='ocrx_word' id='word_1_246' title='bbox 1053 2219 1171 2260; x_wconf 84' lang='lat' dir='ltr'>illum</span> <span class='ocrx_word' id='word_1_247' title='bbox 1191 2218 1339 2275; x_wconf 86' lang='lat' dir='ltr'>utique</span> <span class='ocrx_word' id='word_1_248' title='bbox 1356 2232 1482 2275; x_wconf 88' lang='lat' dir='ltr'>quem</span> <span class='ocrx_word' id='word_1_249' title='bbox 1499 2216 1736 2260; x_wconf 81' lang='lat' dir='ltr'>secundum</span> 
     </span>
     <span class='ocr_line' id='line_1_29' title="bbox 365 2288 1736 2348; baseline -0.002 -17"><span class='ocrx_word' id='word_1_250' title='bbox 365 2289 586 2332; x_wconf 85' lang='lat' dir='ltr'>Christum</span> <span class='ocrx_word' id='word_1_251' title='bbox 600 2290 817 2333; x_wconf 83' lang='lat' dir='ltr'>induimus</span> <span class='ocrx_word' id='word_1_252' title='bbox 841 2306 850 2333; x_wconf 76' lang='grc' dir='ltr'><strong><em>ε</em></strong></span> <span class='ocrx_word' id='word_1_253' title='bbox 875 2308 890 2329; x_wconf 85' lang='lat'>«</span> <span class='ocrx_word' id='word_1_254' title='bbox 909 2290 1178 2348; x_wconf 83' lang='lat' dir='ltr'>Expoliantes</span> <span class='ocrx_word' id='word_1_255' title='bbox 1193 2298 1381 2332; x_wconf 84' lang='lat' dir='ltr'>veterem</span> <span class='ocrx_word' id='word_1_256' title='bbox 1404 2288 1618 2333; x_wconf 89' lang='lat' dir='ltr'>hominem</span> <span class='ocrx_word' id='word_1_257' title='bbox 1637 2295 1736 2329; x_wconf 83' lang='lat' dir='ltr'>cum</span> 
     </span>
     <span class='ocr_line' id='line_1_30' title="bbox 314 2356 1734 2436; baseline -0.002 -35"><span class='ocrx_word' id='word_1_258' title='bbox 314 2406 335 2436; x_wconf 43' lang='lat' dir='ltr'>a</span> <span class='ocrx_word' id='word_1_259' title='bbox 362 2378 378 2401; x_wconf 79' lang='lat'>»</span> <span class='ocrx_word' id='word_1_260' title='bbox 393 2361 560 2404; x_wconf 86' lang='lat' dir='ltr'>actibus</span> <span class='ocrx_word' id='word_1_261' title='bbox 580 2361 693 2418; x_wconf 87' lang='lat' dir='ltr'>ejus,</span> <span class='ocrx_word' id='word_1_262' title='bbox 716 2371 759 2403; x_wconf 90' lang='lat' dir='ltr'>et</span> <span class='ocrx_word' id='word_1_263' title='bbox 781 2361 997 2404; x_wconf 84' lang='lat' dir='ltr'>induimus</span> <span class='ocrx_word' id='word_1_264' title='bbox 1015 2376 1172 2416; x_wconf 85' lang='lat' dir='ltr'>novum</span> <span class='ocrx_word' id='word_1_265' title='bbox 1187 2392 1199 2409; x_wconf 92' lang='lat'>,</span> <span class='ocrx_word' id='word_1_266' title='bbox 1220 2359 1293 2417; x_wconf 88' lang='lat' dir='ltr'>qui</span> <span class='ocrx_word' id='word_1_267' title='bbox 1315 2366 1542 2401; x_wconf 83' lang='lat' dir='ltr'>renovatur</span> <span class='ocrx_word' id='word_1_268' title='bbox 1558 2357 1600 2399; x_wconf 92' lang='lat' dir='ltr'>in</span> <span class='ocrx_word' id='word_1_269' title='bbox 1612 2356 1734 2414; x_wconf 81' lang='lat' dir='ltr'>&#39;agni-</span> 
     </span>
     <span class='ocr_line' id='line_1_31' title="bbox 366 2426 1736 2490; baseline 0 -19"><span class='ocrx_word' id='word_1_270' title='bbox 366 2430 556 2474; x_wconf 80' lang='lat' dir='ltr'>»tionem</span> <span class='ocrx_word' id='word_1_271' title='bbox 583 2433 822 2474; x_wconf 84' lang='lat' dir='ltr'>secundum</span> <span class='ocrx_word' id='word_1_272' title='bbox 853 2432 1079 2490; x_wconf 83' lang='lat' dir='ltr'>imaginem</span> <span class='ocrx_word' id='word_1_273' title='bbox 1112 2430 1204 2488; x_wconf 88' lang='lat' dir='ltr'>ejus</span> <span class='ocrx_word' id='word_1_274' title='bbox 1231 2429 1303 2488; x_wconf 89' lang='lat' dir='ltr'>qui</span> <span class='ocrx_word' id='word_1_275' title='bbox 1333 2429 1489 2472; x_wconf 76' lang='lat' dir='ltr'>creavit</span> <span class='ocrx_word' id='word_1_276' title='bbox 1515 2443 1640 2477; x_wconf 81' lang='lat' dir='ltr'>eum3</span> <span class='ocrx_word' id='word_1_277' title='bbox 1663 2426 1736 2471; x_wconf 84' lang='lat' dir='ltr'>uhi</span> 
     </span>
     <span class='ocr_line' id='line_1_32' title="bbox 366 2497 1736 2552; baseline -0.001 -11"><span class='ocrx_word' id='word_1_278' title='bbox 366 2516 482 2543; x_wconf 90' lang='lat' dir='ltr'>»non</span> <span class='ocrx_word' id='word_1_279' title='bbox 518 2509 654 2545; x_wconf 56' lang='lat' dir='ltr'>esu...</span> <span class='ocrx_word' id='word_1_280' title='bbox 696 2518 840 2546; x_wconf 87' lang='lat' dir='ltr'>servus</span> <span class='ocrx_word' id='word_1_281' title='bbox 871 2511 914 2546; x_wconf 88' lang='lat' dir='ltr'>et</span> <span class='ocrx_word' id='word_1_282' title='bbox 938 2502 1077 2552; x_wconf 87' lang='lat' dir='ltr'>liber,</span> <span class='ocrx_word' id='word_1_283' title='bbox 1110 2503 1184 2544; x_wconf 83' lang='lat' dir='ltr'>sed</span> <span class='ocrx_word' id='word_1_284' title='bbox 1215 2500 1356 2543; x_wconf 84' lang='lat' dir='ltr'>omnia</span> <span class='ocrx_word' id='word_1_285' title='bbox 1388 2507 1430 2543; x_wconf 90' lang='lat' dir='ltr'>et</span> <span class='ocrx_word' id='word_1_286' title='bbox 1463 2499 1505 2542; x_wconf 90' lang='lat' dir='ltr'>in</span> <span class='ocrx_word' id='word_1_287' title='bbox 1537 2497 1736 2541; x_wconf 85' lang='lat' dir='ltr'>omnibus</span> 
     </span>
     <span class='ocr_line' id='line_1_33' title="bbox 371 2568 1736 2636; baseline -0.003 -21"><span class='ocrx_word' id='word_1_288' title='bbox 371 2590 389 2612; x_wconf 67' lang='lat' dir='ltr'><em>w</em></span> <span class='ocrx_word' id='word_1_289' title='bbox 404 2568 639 2616; x_wconf 83' lang='lat' dir='ltr'>Christus².</span> <span class='ocrx_word' id='word_1_290' title='bbox 663 2593 679 2614; x_wconf 74' lang='lat' dir='ltr'>J)</span> <span class='ocrx_word' id='word_1_291' title='bbox 706 2574 921 2618; x_wconf 85' lang='lat' dir='ltr'>Christum</span> <span class='ocrx_word' id='word_1_292' title='bbox 944 2589 1044 2636; x_wconf 84' lang='lat' dir='ltr'>ergo</span> <span class='ocrx_word' id='word_1_293' title='bbox 1065 2572 1303 2631; x_wconf 63' lang='lat' dir='ltr'>induimus³</span> <span class='ocrx_word' id='word_1_294' title='bbox 1329 2571 1438 2621; x_wconf 85' lang='lat' dir='ltr'>sicut</span> <span class='ocrx_word' id='word_1_295' title='bbox 1463 2580 1506 2618; x_wconf 81' lang='lat' dir='ltr'>et</span> <span class='ocrx_word' id='word_1_296' title='bbox 1527 2569 1626 2615; x_wconf 81' lang='lat' dir='ltr'>alibi</span> <span class='ocrx_word' id='word_1_297' title='bbox 1643 2568 1736 2621; x_wconf 75' lang='lat' dir='ltr'>dic-2</span> 
     </span>
    </p>
   </div>
   <div class='ocr_carea' id='block_1_3' title="bbox 419 2663 1168 2715">
    <p class='ocr_par' dir='ltr' id='par_1_5' title="bbox 419 2663 1168 2715">
     <span class='ocr_line' id='line_1_34' title="bbox 419 2663 1168 2715; baseline 0.004 -19"><span class='ocrx_word' id='word_1_298' title='bbox 419 2671 427 2686; x_wconf 89' lang='lat'><strong>¹</strong></span> <span class='ocrx_word' id='word_1_299' title='bbox 444 2663 542 2703; x_wconf 74' lang='lat' dir='ltr'>Joan.</span> <span class='ocrx_word' id='word_1_300' title='bbox 559 2675 615 2706; x_wconf 79' lang='lat' dir='ltr'>xx,</span> <span class='ocrx_word' id='word_1_301' title='bbox 635 2677 688 2707; x_wconf 84' lang='lat'>21,</span> <span class='ocrx_word' id='word_1_302' title='bbox 705 2677 758 2704; x_wconf 66' lang='lat' dir='ltr'>aa.</span> <span class='ocrx_word' id='word_1_303' title='bbox 776 2685 814 2691; x_wconf 88' lang='lat'>—-</span> <span class='ocrx_word' id='word_1_304' title='bbox 831 2675 844 2698; x_wconf 69' lang='lat'>³</span> <span class='ocrx_word' id='word_1_305' title='bbox 865 2666 988 2701; x_wconf 76' lang='lat' dir='ltr'>Coloss.</span> <span class='ocrx_word' id='word_1_306' title='bbox 1008 2676 1059 2703; x_wconf 85' lang='grc' dir='ltr'>ιιι,</span> <span class='ocrx_word' id='word_1_307' title='bbox 1075 2676 1168 2715; x_wconf 60' lang='grc' dir='ltr'>ῼ-ιι.</span> 
     </span>
    </p>
   </div>
  </div>
 </body>
</html>
