1800 3236
338 283 424 339 402
890 294 924 327 s.
944 283 1154 327 'manosn

397 375 568 423 XLVII.
604 374 755 420 Merito
776 374 1037 419 intellectum
1054 374 1134 418 sihi
1150 373 1278 418 etiam
1293 371 1496 419 Salomon
1512 407 1524 425 ,
1543 372 1701 435 magis-

339 449 495 492 terium
522 456 693 491 secutus
714 454 939 504 paternum
958 478 968 495 ‚
993 460 1015 488 a
1038 444 1221 488 Domino
1244 445 1496 505 postulavit,
1522 445 1666 489 dicens
1685 461 1697 490 ε

349 536 366 559 α
386 520 475 577 Ego
496 513 589 562 sum
618 533 724 576 puer
755 516 952 567 humilis,
979 524 1021 559 et
1044 516 1192 575 ignoro
1215 516 1435 560 introitum
1463 531 1633 567 meum,
1659 525 1703 560 et

340 590 529 632 »exilum
551 604 696 632 meum
713 621 724 638 ‚
746 595 789 631 et
812 603 956 631 servus
975 595 1069 630 tuus
1093 588 1135 630 in
1155 587 1296 631 medio
1312 587 1458 646 populi
1476 587 1553 638 tui,
1576 602 1704 645 quem

340 659 531 718 »elegisti
552 693 563 710 ,
586 660 793 717 populum
815 660 999 701 multum
1020 658 1129 701 sicut
1152 673 1322 701 arenam
1345 658 1494 708 maris,
1528 673 1621 715 quae
1638 657 1705 700 di-
1728 646 1733 651 ”

340 749 356 771 n
370 730 584 773 numerari
607 745 693 774 non
715 737 854 788 potest
871 745 955 788 prae
971 728 1246 771 multitudine
1265 744 1275 770 t
1299 737 1341 772 ct
1358 728 1478 789 dahis
1495 743 1615 772 servo
1629 736 1704 771 tuo

338 816 442 844 »cor
478 802 691 859 prudens,
722 800 866 843 audire
893 809 936 843 et
963 799 1155 857 judicare
1186 813 1284 842 cum
1308 798 1468 857 justitia
1498 800 1705 857 populum

337 881 490 915 »tuum
506 905 518 921 ,
539 879 581 914 ct
597 871 831 928 intelligere
843 870 954 914 inter
972 870 1132 913 bonum
1145 877 1187 912 et
1203 871 1362 912 malum
1378 868 1409 913 ᾳ.
1430 887 1449 910 ι
1462 865 1584 913 Unde
1594 884 1707 913 com-

336 943 501 1002 placuit
532 941 739 990 Domino;
763 940 858 998 quia
883 956 968 983 non
991 940 1070 983 sibi
1096 940 1406 999 longaevitatem
1429 939 1545 991 vitae,
1566 948 1610 984 et
1636 955 1705 983 re-

339 1013 496 1072 galium
521 1012 763 1056 divitiarum
784 1011 951 1070 copias,
976 1013 1051 1055 sed
1081 1012 1329 1070 sapientiam
1357 1014 1409 1056 ad
1435 1011 1707 1070 intelligenda

335 1084 509 1128 Domini
530 1083 688 1141 judicia
709 1092 752 1127 et
773 1082 954 1139 justitias
972 1083 1220 1141 depoposcit
1241 1099 1250 1126 :
1276 1092 1319 1127 et
1334 1083 1431 1127 ideo
1453 1091 1620 1127 tantum
1635 1099 1709 1142 po„

337 1157 488 1215 pulum
510 1170 640 1214 regno
662 1154 842 1214 pacifico
864 1155 1137 1213 gubernavit}
1165 1155 1259 1212 quia
1282 1170 1368 1198 non
1395 1155 1634 1214 usurpavit,
1660 1163 1709 1198 ut

334 1225 500 1275 Adam,
535 1225 638 1268 boni
663 1233 706 1268 et
731 1225 831 1267 mali
864 1225 978 1268 'scire
1014 1225 1289 1268 distantiam:
1318 1227 1394 1269 sed
1425 1226 1708 1284 intelligendae

340 1297 433 1355 ejus
454 1295 632 1355 gratiam
657 1296 792 1339 oravit
814 1311 836 1338 a
859 1295 1028 1339 Christo
1057 1295 1165 1355 (52).
1191 1297 1318 1350 Quod
1343 1298 1458 1341 enim
1480 1298 1588 1341 scire
1607 1298 1708 1342 divi-

340 1383 446 1411 num
472 1375 556 1417 est,
579 1366 660 1409 hoc
687 1382 708 1408 a
735 1366 918 1409 Domino
944 1367 1034 1410 Deo
1058 1376 1158 1418 tuo,
1184 1376 1234 1411 ut
1256 1367 1391 1428 possis
1416 1384 1703 1428 cognoscere,

338 1438 672 1515 promerendum
688 1444 764 1479 est.
788 1428 1015 1494 Sipetisset
1031 1446 1074 1481 et
1095 1439 1247 1489 Adam,
1270 1440 1382 1483 sicut
1396 1440 1707 1498 petivitDavid,

342 1522 615 1565 nequaquam
631 1506 672 1548 in
690 1507 781 1549 illos
798 1506 1111 1551 inextricabiles
1131 1510 1284 1552 erroris
1295 1511 1466 1568 laqueos
1475 1510 1708 1562 incidisset

341 1577 496 1636 quibus
518 1578 654 1620 omnis
675 1576 768 1634 ejus
795 1577 1019 1622 haereditas
1042 1581 1340 1639 stiangulatur.
1377 1582 1568 1640 Ideoque
1590 1597 1710 1626 mor-

341 1657 439 1691 tuus
461 1656 540 1698 est,
565 1655 608 1690 et
639 1649 756 1706 quod
780 1648 947 1706 gravius
980 1659 1059 1698 est,
1097 1661 1235 1696 morte
1264 1653 1457 1711 peccati;
1486 1653 1582 1711 quia
1610 1661 1711 1696 ante

341 1719 563 1781 usurpavit
591 1719 699 1762 scire
718 1751 730 1769 ,
765 1734 892 1777 quam
923 1720 1189 1767 intellectum
1212 1739 1297 1781 quo
1318 1722 1620 1774 vivificaretur,
1639 1711 1710 1766 ‘ac-

342 1789 515 1848 ciperet.

401 1859 593 1904 XLVIII.
632 1852 827 1905 Vivificat
854 1877 954 1920 ergo
986 1862 1226 1907 intellectus
1246 1897 1257 1913 ,
1288 1873 1334 1908 ut
1365 1864 1573 1924 Spiritus;
1609 1865 1710 1924 quia

343 1931 434 1990 ipse
460 1932 702 1974 intellectus
735 1933 867 1991 gratia
894 1933 1090 1991 spiritalis
1115 1944 1178 1978 est
1203 1951 1216 1977 2
1237 1935 1418 1994 ideoque
1443 1937 1709 1980 intellectum

343 2019 522 2048 munere
544 2018 619 2046 suo
637 2003 817 2062 Spiritus
839 2013 1011 2048 sanctus
1027 2015 1239 2065 operatur.
1260 2026 1275 2047 α
1296 2008 1542 2052 Intellectus
1566 2017 1709 2052 autem

347 2076 513 2118 »bonus
540 2084 603 2118 est
628 2076 850 2126 omnibus,
885 2077 958 2134 qui
982 2093 1079 2120 eum
1102 2077 1357 2128 saci11nt23»
1389 2094 1475 2136 quo
1501 2080 1707 2122 doeemur

347 2145 444 2204 quia
467 2160 552 2188 non
573 2147 711 2188 solum
728 2162 854 2190 sensu
875 2148 1118 2205 complecti,
1130 2150 1213 2192 sed
1227 2149 1354 2192 etiam
1371 2149 1508 2202 factis,
1527 2149 1570 2194 id
1593 2151 1708 2211 quod.

347 2215 635 2274 intelligimus,
661 2217 811 2276 exequi
833 2218 1077 2262 debeamus.

394 2315 544 2363 ¹,5Reg-
572 2328 625 2360 ¹11,
649 2329 714 2366 79
745 2338 786 2347 —
813 2319 934 2357 ·.Psal
963 2330 1097 2360 cx‚1o.
