1800 3236
354 259 464 314 7¹68
686 288 722 311 .*
780 306 783 308 ,
904 269 939 306 s.
979 267 1171 297 AMssuosu
1228 304 1237 307 ⁴

355 369 373 391 »
387 348 600 408 cumplcxi
623 356 809 402 suntme
827 380 837 397 ‚
865 354 907 389 et
928 348 1066 403 legem
1090 353 1208 388 tuam
1229 360 1316 388 non
1338 361 1432 391 sum
1454 344 1631 389 oblitus¹
1657 361 1667 388 ε
1691 363 1708 387 »

358 422 441 466 hoc
463 429 547 474 est,
572 419 744 462 funibus
764 433 833 461 me
855 415 1235 460 circumdederunt
1255 427 1526 476 peccatores3
1555 425 1604 460 ut
1626 430 1720 461 mea

357 491 624 551 implicarent
651 489 822 547 vestigia
844 521 855 538 ‚
883 503 941 544 vne
968 502 1136 545 possem
1164 487 1362 531 incursus
1390 503 1541 532 eorum
1571 487 1721 547 praevi-

346 563 488 607 dendi
512 561 727 605 celeritate
748 560 918 602 evitare.
949 556 1044 602 Non
1064 573 1163 617 ergo
1185 558 1244 601 illi
1264 558 1386 609 funes
1409 567 1534 609 sunt,
1557 560 1610 602 de
1633 559 1721 622 qui—

343 636 437 679 ‚bus
448 634 653 691 scriptum
674 640 737 674 est
757 646 766 673 ε
784 650 799 670 «
817 631 958 680 Funes
973 629 1222 673 ceciderunt
1234 630 1397 683 mihiin
1414 629 1668 689 proeclaris²‚
1695 649 1711 672 ι»

355 705 466 758 Sunt
482 704 596 747 enim
619 703 741 746 funes
763 702 822 744 illi
838 701 992 760 quihus
1015 702 1302 759 utuntur„qui
1319 701 1522 745 terminos
1543 701 1724 746 metiun-

334 777 426 817 ‘tur
440 790 637 833 agrorum
651 773 891 830 limitesque
905 771 1241 831 distinguunt‚et
1261 773 1572 831 possessionum
1591 773 1723 831 spatia

358 845 667 888 disterminant.
694 844 945 887 Tenduntur
973 858 1073 901 orgo
1107 843 1174 898 illi,
1196 843 1319 890 funes
1347 845 1489 901 quoad
1517 844 1723 902 possessio

346 916 691 973 ⁴uuiuscujusque
716 914 980 976 diffunditur.
1019 914 1093 966 Sic>
1116 913 1252 957 sactus
1270 922 1333 958 est
1354 913 1569 957 funiculus
1593 913 1726 958 haere⁴

357 987 498 1029 ditatis
531 1001 616 1028 suae
642 986 782 1028 Israel.
810 984 918 1027 Boni
949 999 1049 1043 ergo
1079 984 1140 1027 illi
1165 984 1300 1028 funes.
1333 984 1407 1028 Isti
1431 992 1575 1029 autem
1605 984 1726 1047 suues

358 1058 512 1114 quibus
536 1056 764 1100 trahuntur
784 1063 956 1114 peccata
973 1088 984 1105 ,
1018 1063 1066 1098 ut
1084 1055 1186 1098 fune
1212 1056 1338 1113 longo
1359 1088 1371 1110 ‚
1395 1064 1439 1099 et
1460 1064 1508 1109 ut
1526 1054 1726 1113 lorojugi

348 1128 501 1183 *vitulae
529 1127 772 1185 iniquitatis.
807 1125 949 1170 Vitula
980 1126 1093 1169 enim
1126 1126 1332 1170 indomita
1353 1127 1447 1185 plus
1464 1141 1513 1188 *se
1532 1120 1662 1184 jactat
1683 1134 1726 1169 et

353 1199 537 1248 excutit,
564 1213 662 1241 cum
686 1205 987 1247 tenetur-,nec
1005 1196 1235 1254 acquiescit
1252 1197 1455 1255 imperio,
1474 1210 1555 1243 nec
1579 1196 1725 1252 astrin-

356 1272 469 1328 gitur
489 1270 683 1318 vinculo;
710 1269 784 1311 sed
794 1268 926 1327 magis
939 1283 1038 1311 cum
1054 1269 1146 1310 loro
1165 1269 1412 1318 retrahitur,
1432 1276 1718 1322 exasperatur.

356 1342 507 1398 Itaque
532 1355 610 1383 nec
640 1347 785 1383 coacta
814 1348 858 1383 se
886 1338 1061 1397 subjicit
1074 1372 1093 1395 ,A
1109 1353 1191 1382 nec
1211 1348 1355 1383 tamen
1375 1340 1508 1383 libera
1531 1340 1725 1384 vinculo-

352 1427 451 1455 rum
471 1419 545 1454 est.
574 1409 694 1453 Sicut
712 1425 811 1468 ergo
834 1409 961 1453 trahit
982 1410 1113 1453 vitula
1133 1411 1274 1467 lorum
1297 1410 1401 1468 jugi,
1423 1425 1517 1468 quae
1539 1410 1619 1454 etsi
1635 1425 1725 1454 non

360 1490 526 1524 tenetur
547 1497 571 1524 e
592 1481 811 1540 proximo,
840 1488 1007 1523 tenetur
1031 1489 1193 1530 tamen,
1218 1495 1297 1523 nec
1321 1495 1366 1524 se
1387 1481 1571 1539 explicat
1589 1488 1633 1523 et
1654 1481 1727 1523 ab*

354 1553 477 1595 solvit
497 1567 506 1594 ε
530 1552 585 1594 ita
604 1551 733 1595 trahit
753 1551 1044 1608 unusquisque
1065 1559 1267 1609 peccator
1294 1551 1512 1594 indomitis
1532 1550 1724 1594 moribus

346 1610 599 1682 iniquitates
614 1657 625 1674 ,
654 1623 871 1682 quivputat
893 1639 937 1665 se
959 1623 1144 1666 liberum
1159 1655 1170 1672 ‚
1196 1623 1294 1680 quia
1315 1638 1402 1666 non
1423 1631 1486 1666 est
1504 1622 1606 1680 jugo
1628 1622 1724 1665 sub-

356 1695 468 1738 ditus
483 1726 493 1742 ,
528 1693 832 1751 subjectusque
854 1693 1014 1750 judicio
1041 1709 1051 1735 :
1076 1702 1119 1736 et
1138 1687 1274 1736 nescit
1300 1694 1414 1751 quod
1434 1708 1521 1737 non
1541 1693 1595 1736 sit
1617 1709 1723 1736 exu-

350 1773 422 1807 tus
438 1797 448 1812 ,
473 1764 548 1807 sed
568 1763 699 1822 magis
723 1771 771 1806 ut
800 1763 871 1806 illa
900 1763 1028 1805 vitula
1045 1797 1055 1813 ,
1080 1771 1119 1806 et
1143 1763 1231 1822 ipse
1263 1779 1307 1807 se
1334 1764 1526 1823 implicat
1545 1779 1720 1809 suorum
1780 1773 1783 1776 ’

360 1835 540 1877 nexibus
558 1843 847 1893 peccatorum.
879 1834 1053 1882 Hisunt
1068 1834 1195 1893 igitur
1211 1835 1332 1878 fimes
1355 1835 1610 1880 delictorum
1626 1851 1721 1880 nos-

353 1914 516 1949 trorum
533 1938 543 1953 ,
575 1905 728 1962 quihus
758 1904 1012 1947 involvimur
1044 1914 1087 1948 et
1110 1905 1292 1963 ligamur
1308 1934 1327 1956 ,ν
1355 1908 1719 1964 quemadmodum

351 1985 450 2035 supt
471 1984 512 2019 et
528 1976 697 2019 vincula
721 1976 989 2019 delictorum.
1017 1975 1070 2019 Et
1093 1976 1188 2019 ideo
1215 1976 1408 2020 Salvator
1428 1978 1500 2036 qui
1520 1979 1653 2028 hibet
1672 1979 1718 2022 in

346 2055 559 2107 'potestate
577 2054 802 2104 peccatum
818 2046 1048 2095 dimittere,
1070 2046 1171 2089 dicit
1185 2047 1233 2090 iis
1251 2047 1322 2105 qui
1339 2057 1436 2091 sunt
1452 2048 1498 2091 in'
1510 2048 1713 2092 vinculis:

363 2137 378 2157 ι(
402 2117 532 2160 Exite.
557 2135 572 2157 »
596 2116 766 2159 Utinam
778 2124 821 2159 et
841 2116 947 2159 mihi
970 2116 1112 2161 dicat:
1142 2117 1218 2160 Exi
1241 2120 1293 2161 de
1315 2118 1492 2162 vinculis
1510 2120 1592 2163 tuis
1617 2134 1626 2162 :
1651 2120 1717 2163 exi

352 2188 403 2230 dc
433 2187 610 2230 nexibus
639 2195 912 2245 peccatorum
939 2195 1110 2231 tuorum
1133 2204 1142 2230 :
1169 2190 1283 2232 solve
1304 2189 1425 2232 funes
1443 2190 1596 2233 erroris
1613 2190 1675 2233 tui
1698 2224 1712 2244 ,

348 2258 514 2315 quibus:
533 2258 821 2301 circumdatus
852 2267 895 2301 ct
919 2258 1072 2317 ligatus
1094 2274 1151 2302 es.
1180 2260 1269 2303 Etsi
1294 2260 1407 2302 enim
1429 2261 1714 2318 nequissimus

348 2329 426 2372 sim
464 2329 654 2372 omnium
673 2362 689 2379 ‚.
723 2338 766 2372 et
798 2329 1186 2374 detestabilissimus
1223 2338 1526 2389 peccatorum;
1555 2330 1631 2374 illo
1653 2317 1714 2374 ta-

345 2415 445 2442 men
481 2399 679 2455 jubente,
718 2399 825 2442 liber
856 2415 957 2449 ero,
998 2399 1070 2458 qui
1102 2401 1180 2443 sub
1211 2416 1296 2443 uno
1331 2410 1550 2444 momento
1579 2403 1711 2444 latro-

345 2469 444 2518 cinii
474 2470 719 2514 damnatum
746 2485 867 2516 reum
891 2470 1098 2530 supplicio
1125 2471 1302 2533 eripuit,
1335 2471 1644 2535 constituitque
1666 2471 1715 2531 iri

344 2554 474 2597 regno
497 2555 587 2582 suo.

342 2621 349 2626 ⁵
389 2640 397 2662 ι
420 2631 503 2672 Psal.
527 2625 642 2677 cxviii,
662 2633 717 2673 δι,
748 2651 787 2659 —-
809 2643 820 2659 ²
838 2633 924 2672 Psah
941 2644 995 2672 xv,
1010 2634 1039 2668 5,
