1800 3236
383 274 465 319 272
931 273 962 302 S.
1000 273 1194 321 Attssnosu

376 349 440 395 sui
463 348 646 405 auctoris
675 348 934 392 accenditur.
963 349 1048 393 Sed
1073 349 1146 408 qui
1169 349 1306 394 Deum
1338 348 1495 408 diligit,
1523 363 1609 413 non
1634 364 1744 410 perf

374 421 583 465 functorie
612 421 743 480 diligit
769 435 779 464 :
806 422 880 464 sed
907 421 1039 480 diligit
1063 423 1201 480 legem
1222 421 1334 480 ejus,
1363 429 1573 481 praecepta
1595 430 1741 477 custo-

376 493 458 553 dit,
490 491 694 551 justificat
720 507 794 551 cor
821 507 971 543 saum,
1002 508 1087 536 non
1118 493 1328 536 dictorum
1352 508 1503 536 sonora
1535 492 1734 552 praedica-

376 563 512 613 tione,
538 564 612 606 sed
631 562 817 606 studiosa
839 563 1072 606 imitatione
1094 563 1318 607 sactorum.
1338 564 1501 608 Doceat
1521 564 1649 624 igitur
1665 579 1747 608 nos·

373 622 487 678 Deus
511 635 869 692 quemadmodum
889 650 908 677 a
926 634 1080 677 sanctis
1104 635 1187 677 suis
1205 635 1415 693 diligatur.

435 704 506 747 III.
546 704 615 747 Sic
645 704 838 762 inquiens
869 705 1080 764 Propheta
1108 705 1327 764 subjungit
1346 722 1391 749 :a
1417 705 1646 758 Quomodo
1672 704 1743 765 >di-

375 771 487 818 ›ilexi
509 775 756 818 mandatum
784 783 929 825 tuum,
958 775 1140 819 Domine
1166 791 1176 818 τ
1201 773 1288 819 'tota
1312 776 1379 819 die
1402 773 1621 819 meditatio
1649 791 1744 818 mea

376 844 511 888 »est¹.
539 864 555 885 n
573 845 793 904 Diligentis
818 845 930 889 circa
963 846 1150 889 studium
1181 848 1485 908 cognoscendae
1507 846 1628 905 LegIs
1651 845 1742 890 haec

373 931 455 960 vox
478 924 563 964 est,
590 931 682 974 quae
704 916 873 958 instruit
895 916 1199 975 perfectionem
1231 918 1414 961 hominis
1431 952 1443 969 ,
1477 933 1605 976 quam
1629 924 1743 961 totus

374 984 446 1029 liic
477 986 666 1029 Psalmus
689 987 901 1030 informat.
933 988 986 1030 Et
1007 988 1206 1045 quoniam
1234 989 1465 1033 maximum
1494 991 1742 1034 mandatum

373 1057 415 1101 in
436 1058 547 1117 Lege
568 1073 658 1101 esse
681 1059 902 1116 coguovit,
929 1067 976 1102 ut
998 1060 1220 1118 diligamus
1235 1061 1468 1104 Dominum
1488 1050 1626 1105 Deum
1641 1077 1743 1104 nos-

373 1135 490 1171 trum
506 1144 558 1171 ex
580 1136 667 1171 toto
692 1130 821 1172 corde
840 1137 1011 1180 nostro,
1036 1139 1078 1173 et
1105 1147 1156 1174 ex
1187 1139 1274 1174 tota
1300 1131 1438 1175 anima
1473 1139 1614 1175 nostra
1634 1166 1645 1183 ,
1678 1131 1743 1175 sui

373 1198 608 1247 imitatione
628 1214 704 1241 nos
726 1215 917 1257 quoque,
940 1215 1044 1257 quos
1061 1201 1231 1247 erudire
1254 1203 1409 1251 studet,
1433 1204 1524 1246 vult
1540 1217 1630 1247 esse
1651 1217 1744 1262 per-

374 1268 530 1319 fectos,
563 1269 710 1315 dicens
734 1285 743 1312 :
767 1289 783 1309 «
804 1270 1034 1323 Quomodo
1055 1271 1180 1315 dilexi
1205 1275 1453 1316 mandatum
1480 1281 1625 1323 tuum,
1653 1274 1743 1318 Do-

374 1340 530 1383 n‘mine.
557 1359 573 1380 n
586 1341 676 1383 Hoc
695 1341 784 1400 ipso
802 1341 984 1385 charitas
1008 1344 1160 1387 crescit
1178 1344 1331 1388 affectu
1346 1378 1357 1395 ,
1378 1346 1493 1402 quod
1508 1345 1646 1404 ipsum
1663 1353 1743 1389 tes-

372 1418 460 1454 tem
499 1412 699 1461 advocat,
744 1412 813 1455 cui
855 1422 1010 1456 munus
1049 1414 1285 1462 dilectionis
1326 1416 1585 1474 impenditur
1616 1431 1626 1459 ε
1660 1430 1740 1459 nec

373 1481 556 1541 speciem
576 1514 586 1531 ,
605 1482 680 1524 sed
694 1483 1004 1540 plenitudinem
1026 1485 1243 1528 charitatis
1259 1486 1331 1528 tali
1355 1487 1635 1530 conventione
1655 1495 1741 1535 tes-

372 1561 498 1597 tatur.
519 1553 614 1597 ‚Hac
642 1570 742 1596 usus
765 1563 828 1597 est
854 1554 1003 1598 Petrus
1030 1571 1039 1598 :
1064 1573 1080 1594 «ι
1110 1556 1176 1599 Tu
1201 1556 1304 1607 scis,
1340 1557 1500 1615 inquit,
1532 1558 1737 1608 Domine,

370 1643 387 1666 n
401 1624 498 1683 quia
520 1625 646 1684 diligo
669 1625 749 1668 te².
773 1644 789 1665 ⁷>
803 1625 888 1669 Sed
909 1627 980 1684 qui
1003 1628 1377 1686 diligitDominum
1391 1662 1403 1680 ‚
1418 1629 1555 1689 legem
1572 1629 1663 1687 ejus
1681 1629 1740 1673 di-

370 1693 486 1754 ligit,
521 1696 630 1739 sicut
659 1696 788 1740 Ma'ria
822 1697 999 1756 diligens
1025 1698 1208 1751 Filium,
1241 1701 1381 1748 omnia
1412 1701 1540 1744 verba
1567 1700 1659 1761 ejus
1695 1700 1740 1745 in

371 1768 500 1810 corde
521 1782 620 1816 suo,
646 1776 837 1810 materno
861 1768 1108 1813 conserebat
1131 1769 1324 1813 affectu&
1345 1771 1558 1829 «Diligens
1575 1779 1640 1821 te,
1657 1771 1740 1815 feci

371 1856 388 1880 »
402 1839 662 1882 voluntatem
679 1847 794 1882 tuam
807 1839 819 1860 ‘⁸
829 1872 840 1890 ,
853 1859 867 1879 a·
884 1839 1100 1899 Scriptum
1114 1850 1190 1884 cst.
1206 1843 1305 1885 Ideo
1319 1843 1530 1886 commisit
1546 1851 1588 1886 et
1600 1843 1739 1887 Chris-

370 1906 438 1952 tus
458 1910 582 1953 Petro
597 1943 609 1960 ,
634 1919 681 1952 ut
703 1920 894 1969 pasceret
920 1928 1091 1971 gregem
1114 1928 1238 1956 suum
1252 1908 1362 1963 ⁶,ffet
1381 1913 1553 1957 Domini
1580 1914 1738 1973 faceret

371 1982 658 2031 voluntatem3
683 1981 780 2039 quia
802 1981 1053 2026 charitatem
1075 1978 1166 2042 ejus
1189 1984 1362 2042 ignovit.
1388 1984 1474 2037 Qui
1499 1984 1612 2028 enim
1642 1985 1738 2028 dili-

371 2051 454 2112 git,
479 2069 530 2096 ex
547 2055 764 2097 voluntate
785 2053 886 2096 facit
903 2070 996 2111 quae
1011 2055 1091 2098 sibi
1113 2063 1210 2099 sunt
1232 2055 1434 2114 imperata
1462 2072 1471 2099 :
1498 2055 1570 2114 qui
1592 2055 1734 2106 timet,

371 2119 423 2166 ex
456 2124 718 2167 necessitate.
755 2125 902 2182 Itaque
933 2120 1141 2168 Dominus
1172 2125 1436 2184 operationes
1473 2127 1737 2170 servulorum

372 2208 546 2236 suorum
569 2203 821 2253 spontaneas
840 2197 993 2255 probat
1023 2197 1162 2255 potius
1177 2230 1188 2246 ‚
1212 2212 1339 2254 quam
1364 2205 1543 2241 coactas.
1568 2197 1669 2241 Ideo
1686 2214 1738 2242 ex

372 2265 499 2309 servis
522 2266 678 2310 liberos
700 2265 824 2317 sacit3
847 2276 896 2311 ut
925 2269 1056 2327 magis
1082 2269 1347 2311 voluntatum
1370 2273 1610 2324 nostrarum
1637 2285 1747 2313 mu·-

371 2351 472 2379 nera
487 2370 498 2388 ,
526 2352 652 2395 quam
674 2337 973 2381 necessitatum
994 2339 1194 2396 obsequia
1212 2339 1492 2384 conseramus.

431 2408 500 2451 IV.
538 2409 797 2468 Nonpotest
825 2410 965 2453 dicere
994 2411 1260 2454 Marcionista
1287 2427 1330 2454 z«
1354 2412 1581 2464 Quomodo
1610 2411 1735 2456 dilexi

371 2475 557 2537 »Legem
579 2487 719 2531 tuam,
745 2499 759 2521 n
774 2480 859 2533 Qui
880 2478 1035 2540 Legem
1058 2497 1144 2525 non
1172 2482 1358 2542 suscipit.
1387 2483 1481 2527 Non
1504 2492 1642 2543 potest
1668 2484 1734 2528 cli-

419 2587 428 2606 ¹
445 2583 529 2616 Psal.
548 2594 662 2622 cxviii,
681 2596 736 2628 97.
751 2603 791 2610 --
809 2595 821 2611 ²
838 2585 935 2620 Joan.
950 2596 1019 2627 xxi,
1037 2588 1085 2620 15.
1104 2605 1145 2613 --
1165 2588 1179 2611 ³
1197 2587 1277 2621 Luc.
1297 2598 1336 2628 11,
1354 2589 1404 2621 51.
1423 2587 1463 2615 4
1481 2590 1495 2618 4
1521 2576 1595 2622 lsai,
1615 2598 1729 2630 xum,

378 2636 428 2676 14.
444 2653 485 2661 —-—
504 2638 515 2659 ⁵
532 2637 628 2672 Joan.
643 2650 708 2678 xxi,
730 2640 777 2672 18.
