1800 3236
332 353 391 412 96
790 351 791 354 ’
885 362 916 395 s.
957 352 1147 396 [limnosn

330 460 415 491 suae
437 446 580 491 intrat.
606 445 739 490 Intrat
759 451 873 489 m'ors
898 460 974 504 per
990 447 1160 496 oseula;
1182 453 1225 489 et
1246 443 1340 490 ideo
1358 460 1475 498 cave,
1498 459 1553 491 ne
1571 454 1616 505 *te
1632 443 1697 491 la-

331 508 449 577 queis
465 518 676 562 labiorum
699 532 872 577 suorum
889 516 1043 575 alliget.
1065 517 1199 560 Intrat
1220 533 1334 560 mors
1349 550 1361 567 ,
1384 516 1636 573 si-meretrix
1656 527 1697 562 te

329 591 559 633 osculetur.
587 590 721 632 Intrat
749 602 876 638 mors,
906 588 939 631 si
961 587 1044 631 cito
1070 587 1310 646 acquiescas
1330 588 1533 648 loquenti.
1552 582 1699 633 'Intrat

327 676 441 705 mors
463 661 496 703 si
519 662 702 703 multum
722 659 934 717 loquaris:
956 659 1225 717 multiloquio
1248 659 1361 702 enim
1382 667 1607 719 peccatum
1630 657 1705 720 in-¹

332 733 527 777 curritur.
557 733 691 775 Intrat
711 746 823 774 mors
846 731 988 781 etiam,
1013 730 1047 774 si
1067 746 1153 774 non
1179 731 1387 789 loquaris,
1413 739 1457 775 et
1481 726 1715 775 Christum'.

332 804 480 848 immas
507 802 713 847 confiteri.
747 821 763 843 (ι
786 802 872 846 Ore
897 802 1011 845 enim
1035 801 1242 845 consessio
1272 800 1322 845 fit
1348 803 1400 846 ad
1421 800 1645 863 salutem¹.
1672 819 1689 843 »

330 876 466 933 Intrat
499 879 613 918 snors
650 873 777 918 etiam
809 889 886 932 per
922 887 1117 917 cavernss
1150 873 1348 923 aurium3
1377 882 1420 918 et
1454 873 1549 919 ideo
1579 880 1700 918 aures

333 953 430 989 sinit
452 936 580 1005 spinis
600 945 810 1005 sepiendae
826 978 837 995 ,
856 953 904 988 ut
926 944 1144 988 illecebras
1160 943 1391 988 meretricii
1412 943 1617 988 sermonis
1634 959 1702 987 ex-

334 1016 493 1059 cludas.
516 1017 616 1059 Haee
633 1015 822 1059 moralia.

388 1087 552 1132 XXXI.
582 1088 690 1131 Sunt
707 1088 834 1130 etiam
854 1087 1023 1146 mystici
1042 1087 1155 1131 oculi
1173 1103 1277 1146 quos
1302 1094 1491 1133 avertere
1507 1087 1661 1131 debeas
1680 1103 1703 1131 a

331 1160 528 1204 vanitate.
553 1159 627 1202 Est
648 1159 762 1202 enim
785 1167 827 1201 et
848 1173 1050 1201 sensuum
1067 1159 1243 1210 vanitas,
1268 1174 1395 1218 quam
1417 1144 1530 1202 oculi
1553 1158 1712 1210 animoe'

331 1231 418 1275 tnae·
433 1229 577 1274 videre
596 1246 683 1273 non
705 1229 912 1280 debeant;
937 1230 1034 1288 quia
1063 1230 1121 1274 illi
1139 1246 1232 1273 eam
1255 1223 1427 1282 vident,
1448 1246 1555 1289 quos
1572 1229 1704 1290 Apos-

332 1304 442 1346 tolus
474 1301 693 1357 dam'nat2.
726 1302 847 1364 Unde
879 1295 970 1359 ipso
1002 1301 1133 1360 magis
1161 1310 1334 1345 auctore
1364 1302 1576 1346 discamus
1609 1302 1714 1360 quaev

335 1364 494 1417 vanitas
505 1390 521 1424 ·,
551 1371 685 1431 etqui
712 1372 822 1415 oculi
849 1372 943 1414 sint.
973 1371 1240 1415 Manifestum
1263 1381 1326 1416 est
1351 1373 1465 1416 enim
1492 1388 1583 1416 esse
1613 1373 1705 1432 ple-

333 1444 587 1502 ros-‚quequi
613 1443 797 1498 vanitate
826 1456 971 1485 sensus
1002 1442 1067 1485 sui
1102 1442 1318 1486 obscurati
1350 1450 1448 1486 sunt
1475 1443 1630 1493 corde,
1662 1450 1705 1486 et

336 1514 502 1576 alienati
536 1530 557 1556 a
585 1513 648 1557 via
674 1513 751 1556 Dei
784 1510 958 1571 propte1
985 1512 1266 1570 ignmantiam
1296 1528 1388 1570 quae
1417 1514 1459 1557 in
1459 1507 1703 1572 lpsis'est,
1710 1512 1717 1517 ’

336 1594 510 1645 propter
532 1583 765 1628 eaecitatem
789 1584 929 1626 cordis
946 1598 1120 1631 eorum3
1140 1583 1235 1627 illos
1256 1592 1395 1627 tamen
1413 1593 1558 1650 gentes
1574 1583 1707 1650 Apos-

336 1658 446 1700 t'olus
479 1656 592 1698 dicit.
627 1655 800 1713 Ignoret
831 1654 959 1712 igitur
981 1654 1146 1713 gentilis
1169 1655 1238 1698 ille
1272 1657 1387 1714 quod
1418 1671 1505 1699 non
1530 1654 1717 1714 didicit,

334 1728 499 1786 ignoret
520 1725 635 1784 quod
667 1740 753 1768 non
782 1725 996 1768 credidit:
1025 1725 1102 1768 tibi
1130 1726 1324 1784 ignorare
1354 1741 1440 1770 non
1468 1725 1569 1770 licet
1592 1726 1708 1785 quod

335 1796 564 1842 confiteris.
597 1795 895 1839 Christusnon
920 1795 961 1838 in
984 1795 1167 1839 vanitate
1190 1796 1330 1847 venit,
1357 1798 1431 1840 sed
1451 1797 1494 1840 in
1515 1796 1672 1841 virtute
1692 1811 1703 1840 ε
1756 1852 1763 1857 ,

335 1884 422 1914 n'on
442 1867 605 1911 inflavit
627 1881 796 1909 sensum
819 1865 1028 1916 hominis,
1055 1868 1130 1910 sed
1154 1867 1381 1912 vivificavit
1402 1883 1412 1911 t
1434 1884 1520 1912 non
1540 1867 1707 1912 coeei‘ta-

336 1951 424 1985 tem
449 1939 613 1990 cordis,
638 1940 712 1982 sed
739 1938 1092 1982 illuminationem
1121 1940 1275 1983 mentis
1306 1948 1503 1999 operatus
1529 1949 1604 1984 est.
1633 1939 1707 1984 In-

338 2010 570 2054 flammavit
592 2025 677 2053 eor·
687 2018 837 2060 tuum,
863 2018 911 2052 nt
929 2011 1272 2089 comprehendas
1290 2028 1386 2070 quae
1408 2011 1707 2057 mandatorum

339 2081 574 2125 coelestium
596 2080 724 2130 latio,
751 2095 842 2138 quae
870 2080 1022 2123 animae
1044 2082 1303 2133 substantia,
1328 2098 1420 2142 quae
1440 2082 1533 2127 vitae
1555 2082 1708 2126 suturae

342 2152 490 2210 gratia,
510 2151 553 2193 in
567 2167 650 2208 quo
671 2159 793 2193 statu
808 2159 904 2207 post
924 2150 1014 2193 hmc
1036 2151 1208 2194 erimus.

397 2222 583 2267 XXXII.
609 2222 733 2279 Erige
750 2221 876 2280 igitur
891 2230 1094 2272 mentem,
1108 2231 1228 2265 utere
1246 2224 1427 2267 naturali
1441 2222 1609 2283 ingemo
1626 2238 1636 2266 :
1655 2221 1709 2268 ad

341 2293 568 2352 imaginem
590 2292 669 2335 Dei
683 2255 834 2335 Dsactus
861 2307 905 2336 es
926 2309 936 2340 ;
960 2299 1009 2335 ut
1034 2306 1214 2350 superna
1242 2292 1439 2350 aspicias,
1468 2301 1511 2337 et
1539 2302 1708 2337 terrena

341 2378 426 2408 non
449 2378 621 2421 quaeras.
650 2362 744 2405 Noli
761 2377 937 2406 curvare
954 2363 1163 2405 cervicem
1187 2371 1321 2412 tuam,
1344 2364 1493 2407 mundi
1514 2375 1709 2423 premen-

342 2435 439 2478 dam
464 2435 653 2493 pondere
673 2448 682 2475 :
707 2431 794 2475 noli
815 2432 978 2475 inhiare
1002 2448 1104 2475 auro
1128 2441 1253 2491 atque
1276 2441 1476 2493 argentm
1496 2436 1550 2476 ne
1573 2442 1615 2478 te
1637 2449 1708 2478 sae-

344 2506 429 2551 c'uli
457 2505 635 2549 vinculis
665 2505 920 2561 alligandum
956 2504 1156 2562 praebeas.
1196 2505 1295 2547 Ideo
1328 2505 1430 2548 dixit
1462 2505 1667 2551 Dominus
1693 2520 1703 2549 :

356 2594 373 2618 α
389 2577 526 2622 Nolite
547 2574 760 2634 possidere
789 2589 937 2616 aurum
960 2582 1085 2631 atque
1109 2583 1329 2633 argentum
1348 2574 1360 2596 ³
1378 2592 1389 2624 3
1408 2595 1423 2615 ι)
1439 2590 1493 2618 ne
1513 2591 1591 2619 nos
1615 2574 1706 2619 auri

343 2656 468 2706 atque
488 2645 647 2704 argenti
670 2644 876 2703 cupiditas
894 2659 1014 2688 avara
1036 2645 1259 2703 possideat.
1287 2645 1383 2690 Noli
1405 2661 1503 2706 ergo
1521 2646 1706 2693 inserere

359 2730 373 2752 '²
389 2746 398 2766 ²
416 2738 514 2772 Rom.
532 2747 564 2778 x,
585 2747 635 2773 ιο.
650 2755 691 2763 -
707 2747 720 2763 ²
736 2736 919 2780 Ephes.1v,
937 2746 989 2780 17,
1010 2734 1058 2773 ιδ.
1078 2754 1119 2777 ·-ς
1138 2738 1152 2763 3
1174 2735 1294 2772 Manli.
1314 2748 1347 2779 x,
1365 2748 1396 2782 9.
